<?xml version="1.0" encoding="UTF-8"?>
<!DOCTYPE html PUBLIC "-//W3C//DTD XHTML 1.0 Transitional//EN"
    "http://www.w3.org/TR/xhtml1/DTD/xhtml1-transitional.dtd">
<html xmlns="http://www.w3.org/1999/xhtml" xml:lang="en" lang="en">
 <head>
  <title>
</title>
<meta http-equiv="Content-Type" content="text/html;charset=utf-8" />
  <meta name='ocr-system' content='tesseract 3.04.00' />
  <meta name='ocr-capabilities' content='ocr_page ocr_carea ocr_par ocr_line ocrx_word'/>
</head>
<body>
  <div class='ocr_page' id='page_1' title='image "4737871_0062.png"; bbox 0 0 1730 2851; ppageno 0'>
   <div class='ocr_carea' id='block_1_1' title="bbox 767 3 892 108">
    <p class='ocr_par' dir='ltr' id='par_1_1' title="bbox 676 0 892 108">
     <span class='ocr_line' id='line_1_1' title="bbox 767 3 892 108; baseline -0.051 -4.634"><span class='ocrx_word' id='word_1_1' title='bbox 767 3 784 44; x_wconf 44' lang='lat'><em>⁷</em></span> <span class='ocrx_word' id='word_1_2' title='bbox 806 45 892 108; x_wconf 62' lang='grc' dir='ltr'>,δι</span> 
     </span>
    </p>
   </div>
   <div class='ocr_carea' id='block_1_2' title="bbox 0 0 368 270">
    <p class='ocr_par' dir='ltr' id='par_1_2' title="bbox 0 0 368 270">
     <span class='ocr_line' id='line_1_2' title="bbox 0 0 368 270; baseline 0 0"><span class='ocrx_word' id='word_1_3' title='bbox 0 0 368 270; x_wconf 95' lang='lat' dir='ltr'>  </span> 
     </span>
    </p>
   </div>
   <div class='ocr_carea' id='block_1_3' title="bbox 719 121 985 128">
    <p class='ocr_par' dir='ltr' id='par_1_3' title="bbox 719 121 985 128">
     <span class='ocr_line' id='line_1_3' title="bbox 719 121 985 128; baseline 0 2723"><span class='ocrx_word' id='word_1_4' title='bbox 719 121 985 128; x_wconf 95' lang='lat' dir='ltr'> </span> 
     </span>
    </p>
   </div>
   <div class='ocr_carea' id='block_1_4' title="bbox 99 180 1593 377">
    <p class='ocr_par' dir='ltr' id='par_1_4' title="bbox 99 180 1593 377">
     <span class='ocr_line' id='line_1_4' title="bbox 99 180 1592 278; baseline -0.003 -22"><span class='ocrx_word' id='word_1_5' title='bbox 99 180 522 269; x_wconf 21' lang='lat' dir='ltr'>‘diis-neptunum,</span> <span class='ocrx_word' id='word_1_6' title='bbox 549 212 801 264; x_wconf 78' lang='lat' dir='ltr'>cognitionem</span> <span class='ocrx_word' id='word_1_7' title='bbox 830 211 1107 278; x_wconf 78' lang='lat' dir='ltr'>amplificatam,</span> <span class='ocrx_word' id='word_1_8' title='bbox 1137 212 1270 251; x_wconf 83' lang='lat' dir='ltr'>mentis</span> <span class='ocrx_word' id='word_1_9' title='bbox 1298 211 1419 264; x_wconf 75' lang='lat' dir='ltr'>aciem</span> <span class='ocrx_word' id='word_1_10' title='bbox 1446 217 1592 252; x_wconf 72' lang='lat' dir='ltr'>auctam</span> 
     </span>
     <span class='ocr_line' id='line_1_5' title="bbox 113 266 1591 322; baseline -0.002 -11"><span class='ocrx_word' id='word_1_11' title='bbox 113 274 160 311; x_wconf 74' lang='lat' dir='ltr'>ea</span> <span class='ocrx_word' id='word_1_12' title='bbox 186 280 276 318; x_wconf 82' lang='lat' dir='ltr'>esse</span> <span class='ocrx_word' id='word_1_13' title='bbox 301 270 386 322; x_wconf 86' lang='lat' dir='ltr'>ipse</span> <span class='ocrx_word' id='word_1_14' title='bbox 414 268 546 311; x_wconf 86' lang='lat' dir='ltr'>melius</span> <span class='ocrx_word' id='word_1_15' title='bbox 565 269 648 308; x_wconf 89' lang='lat' dir='ltr'>scio</span> <span class='ocrx_word' id='word_1_16' title='bbox 675 273 787 320; x_wconf 85' lang='lat' dir='ltr'>atque</span> <span class='ocrx_word' id='word_1_17' title='bbox 815 268 949 318; x_wconf 88' lang='lat' dir='ltr'>sentio,</span> <span class='ocrx_word' id='word_1_18' title='bbox 969 279 1080 320; x_wconf 85' lang='lat' dir='ltr'>quam</span> <span class='ocrx_word' id='word_1_19' title='bbox 1099 266 1225 307; x_wconf 83' lang='lat' dir='ltr'>verbis</span> <span class='ocrx_word' id='word_1_20' title='bbox 1253 268 1591 322; x_wconf 76' lang='lat' dir='ltr'>exprimerepos-</span> 
     </span>
     <span class='ocr_line' id='line_1_6' title="bbox 113 297 1593 377; baseline 0.001 -11"><span class='ocrx_word' id='word_1_21' title='bbox 113 334 207 376; x_wconf 68' lang='lat' dir='ltr'>sun.</span> <span class='ocrx_word' id='word_1_22' title='bbox 233 315 345 367; x_wconf 79' lang='lat' dir='ltr'>&#39;rum</span> <span class='ocrx_word' id='word_1_23' title='bbox 348 322 567 369; x_wconf 63' lang='grc' dir='ltr'>Κιιὴωιίιιε</span> <span class='ocrx_word' id='word_1_24' title='bbox 586 335 736 377; x_wconf 88' lang='lat' dir='ltr'>quoque</span> <span class='ocrx_word' id='word_1_25' title='bbox 759 329 797 364; x_wconf 93' lang='lat' dir='ltr'>et</span> <span class='ocrx_word' id='word_1_26' title='bbox 821 297 1062 376; x_wconf 52' lang='lat' dir='ltr'>Roepssaeuim,</span> <span class='ocrx_word' id='word_1_27' title='bbox 1082 323 1165 364; x_wconf 86' lang='lat' dir='ltr'>VV.</span> <span class='ocrx_word' id='word_1_28' title='bbox 1178 322 1265 375; x_wconf 69' lang='lat' dir='ltr'>cu,</span> <span class='ocrx_word' id='word_1_29' title='bbox 1284 323 1593 369; x_wconf 71' lang='lat' dir='ltr'>exercitatio-nn</span> 
     </span>
    </p>
   </div>
   <div class='ocr_carea' id='block_1_5' title="bbox 9 366 1592 492">
    <p class='ocr_par' dir='ltr' id='par_1_5' title="bbox 9 366 1592 492">
     <span class='ocr_line' id='line_1_7' title="bbox 9 366 1590 437; baseline -0.002 -12"><span class='ocrx_word' id='word_1_30' title='bbox 9 366 11 368; x_wconf 17' lang='grc' dir='ltr'><strong><em>ι</em></strong></span> <span class='ocrx_word' id='word_1_31' title='bbox 111 367 383 433; x_wconf 61' lang='lat' dir='ltr'>historicarum,</span> <span class='ocrx_word' id='word_1_32' title='bbox 411 393 505 435; x_wconf 81' lang='lat' dir='ltr'>quas</span> <span class='ocrx_word' id='word_1_33' title='bbox 520 380 764 430; x_wconf 61' lang='lat' dir='ltr'>inminuerunt,</span> <span class='ocrx_word' id='word_1_34' title='bbox 794 379 1026 421; x_wconf 77' lang='lat' dir='ltr'><strong>sodalitatem</strong></span> <span class='ocrx_word' id='word_1_35' title='bbox 1049 380 1136 421; x_wconf 82' lang='lat' dir='ltr'>mihi</span> <span class='ocrx_word' id='word_1_36' title='bbox 1154 379 1317 437; x_wconf 78' lang='lat' dir='ltr'>benigne</span> <span class='ocrx_word' id='word_1_37' title='bbox 1330 381 1590 434; x_wconf 75' lang='lat' dir='ltr'>permiserunt.</span> 
     </span>
     <span class='ocr_line' id='line_1_8' title="bbox 25 434 1592 492; baseline -0.001 -14"><span class='ocrx_word' id='word_1_38' title='bbox 25 460 42 485; x_wconf 61' lang='grc' dir='ltr'><strong><em>χ</em></strong></span> <span class='ocrx_word' id='word_1_39' title='bbox 115 443 155 478; x_wconf 81' lang='lat' dir='ltr'>et</span> <span class='ocrx_word' id='word_1_40' title='bbox 189 438 280 478; x_wconf 86' lang='lat' dir='ltr'>intra</span> <span class='ocrx_word' id='word_1_41' title='bbox 315 441 485 492; x_wconf 86' lang='lat' dir='ltr'>parietes</span> <span class='ocrx_word' id='word_1_42' title='bbox 513 435 753 490; x_wconf 72' lang='lat' dir='ltr'>prudentibus</span> <span class='ocrx_word' id='word_1_43' title='bbox 788 448 848 476; x_wconf 90' lang='lat' dir='ltr'>me</span> <span class='ocrx_word' id='word_1_44' title='bbox 884 435 1049 476; x_wconf 88' lang='lat' dir='ltr'>consiliis</span> <span class='ocrx_word' id='word_1_45' title='bbox 1077 434 1345 486; x_wconf 83' lang='lat' dir='ltr'>instruxerunt,</span> <span class='ocrx_word' id='word_1_46' title='bbox 1380 448 1430 476; x_wconf 87' lang='lat' dir='ltr'>ex</span> <span class='ocrx_word' id='word_1_47' title='bbox 1457 436 1592 489; x_wconf 77' lang='lat' dir='ltr'>quibas</span> 
     </span>
    </p>
   </div>
   <div class='ocr_carea' id='block_1_6' title="bbox 66 465 1642 2281">
    <p class='ocr_par' dir='ltr' id='par_1_6' title="bbox 113 465 1593 602">
     <span class='ocr_line' id='line_1_9' title="bbox 113 465 1593 548; baseline -0.002 -12"><span class='ocrx_word' id='word_1_48' title='bbox 113 494 275 548; x_wconf 76' lang='lat' dir='ltr'>pariter</span> <span class='ocrx_word' id='word_1_49' title='bbox 286 506 361 536; x_wconf 87' lang='lat' dir='ltr'>uon</span> <span class='ocrx_word' id='word_1_50' title='bbox 397 505 550 548; x_wconf 85' lang='lat' dir='ltr'>parvam</span> <span class='ocrx_word' id='word_1_51' title='bbox 584 493 670 546; x_wconf 86' lang='lat' dir='ltr'>cepi</span> <span class='ocrx_word' id='word_1_52' title='bbox 702 491 904 533; x_wconf 78' lang='lat' dir='ltr'>utilitatem.</span> <span class='ocrx_word' id='word_1_53' title='bbox 985 491 1067 533; x_wconf 90' lang='lat' dir='ltr'>Nec</span> <span class='ocrx_word' id='word_1_54' title='bbox 1103 465 1373 546; x_wconf 77' lang='lat' dir='ltr'>praetereunda</span> <span class='ocrx_word' id='word_1_55' title='bbox 1408 492 1498 534; x_wconf 79' lang='lat' dir='ltr'>milii</span> <span class='ocrx_word' id='word_1_56' title='bbox 1532 498 1593 533; x_wconf 83' lang='lat' dir='ltr'>est</span> 
     </span>
     <span class='ocr_line' id='line_1_10' title="bbox 114 544 1590 602; baseline -0.002 -10"><span class='ocrx_word' id='word_1_57' title='bbox 114 561 247 601; x_wconf 70' lang='lat' dir='ltr'>magna</span> <span class='ocrx_word' id='word_1_58' title='bbox 281 562 374 602; x_wconf 83' lang='lat' dir='ltr'>erga</span> <span class='ocrx_word' id='word_1_59' title='bbox 401 561 464 590; x_wconf 82' lang='lat' dir='ltr'>me</span> <span class='ocrx_word' id='word_1_60' title='bbox 487 548 690 589; x_wconf 84' lang='lat' dir='ltr'>liberalitas</span> <span class='ocrx_word' id='word_1_61' title='bbox 717 547 802 588; x_wconf 84' lang='lat' dir='ltr'>VV.</span> <span class='ocrx_word' id='word_1_62' title='bbox 832 546 901 588; x_wconf 84' lang='lat' dir='ltr'>cu.</span> <span class='ocrx_word' id='word_1_63' title='bbox 935 546 1098 596; x_wconf 76' lang='grc' dir='ltr'><strong><em>Ηαωίἰ,</em></strong></span> <span class='ocrx_word' id='word_1_64' title='bbox 1137 544 1384 600; x_wconf 59' lang='lat' dir='ltr'>Galat-m,</span> <span class='ocrx_word' id='word_1_65' title='bbox 1421 548 1590 599; x_wconf 79' lang='lat' dir='ltr'>aliorum,</span> 
     </span>
    </p>

    <p class='ocr_par' dir='ltr' id='par_1_7' title="bbox 100 597 1642 1164">
     <span class='ocr_line' id='line_1_11' title="bbox 115 597 1592 660; baseline -0.001 -14"><span class='ocrx_word' id='word_1_66' title='bbox 115 607 197 659; x_wconf 88' lang='lat' dir='ltr'>qui,</span> <span class='ocrx_word' id='word_1_67' title='bbox 233 616 345 660; x_wconf 84' lang='lat' dir='ltr'>quum</span> <span class='ocrx_word' id='word_1_68' title='bbox 372 597 484 646; x_wconf 85' lang='lat' dir='ltr'>multa</span> <span class='ocrx_word' id='word_1_69' title='bbox 512 603 600 645; x_wconf 86' lang='lat' dir='ltr'>mihi</span> <span class='ocrx_word' id='word_1_70' title='bbox 627 605 854 657; x_wconf 74' lang='lat' dir='ltr'>impertirent</span> <span class='ocrx_word' id='word_1_71' title='bbox 880 603 1115 656; x_wconf 73' lang='lat' dir='ltr'>benignitatis</span> <span class='ocrx_word' id='word_1_72' title='bbox 1143 604 1270 655; x_wconf 77' lang='lat' dir='ltr'>signa,</span> <span class='ocrx_word' id='word_1_73' title='bbox 1307 609 1382 644; x_wconf 86' lang='lat' dir='ltr'>tum</span> <span class='ocrx_word' id='word_1_74' title='bbox 1421 603 1592 645; x_wconf 83' lang='lat' dir='ltr'>comibus</span> 
     </span>
     <span class='ocr_line' id='line_1_12' title="bbox 115 658 1591 710; baseline 0 -8"><span class='ocrx_word' id='word_1_75' title='bbox 115 662 348 704; x_wconf 87' lang='lat' dir='ltr'>sermonibus</span> <span class='ocrx_word' id='word_1_76' title='bbox 381 661 431 702; x_wconf 83' lang='lat' dir='ltr'>ad</span> <span class='ocrx_word' id='word_1_77' title='bbox 465 660 586 702; x_wconf 78' lang='lat' dir='ltr'>studia</span> <span class='ocrx_word' id='word_1_78' title='bbox 621 660 708 701; x_wconf 85' lang='lat' dir='ltr'>mihi</span> <span class='ocrx_word' id='word_1_79' title='bbox 745 666 850 702; x_wconf 88' lang='lat' dir='ltr'>erant</span> <span class='ocrx_word' id='word_1_80' title='bbox 883 659 1155 701; x_wconf 80' lang='lat' dir='ltr'>exhortatores.</span> <span class='ocrx_word' id='word_1_81' title='bbox 1234 658 1401 710; x_wconf 79' lang='lat' dir='ltr'>Quorum</span> <span class='ocrx_word' id='word_1_82' title='bbox 1429 661 1591 702; x_wconf 76' lang='lat' dir='ltr'>omniun</span> 
     </span>
     <span class='ocr_line' id='line_1_13' title="bbox 115 713 1613 770; baseline -0.001 -11"><span class='ocrx_word' id='word_1_83' title='bbox 115 717 198 759; x_wconf 83' lang='lat' dir='ltr'>VV.</span> <span class='ocrx_word' id='word_1_84' title='bbox 222 717 305 762; x_wconf 89' lang='grc' dir='ltr'>ΒΒ.</span> <span class='ocrx_word' id='word_1_85' title='bbox 335 713 598 758; x_wconf 75' lang='lat' dir='ltr'>benevolentia</span> <span class='ocrx_word' id='word_1_86' title='bbox 625 728 735 770; x_wconf 89' lang='lat' dir='ltr'>quam</span> <span class='ocrx_word' id='word_1_87' title='bbox 764 717 926 756; x_wconf 76' lang='lat' dir='ltr'>suaviter</span> <span class='ocrx_word' id='word_1_88' title='bbox 951 717 1100 767; x_wconf 77' lang='lat' dir='ltr'>affecit,</span> <span class='ocrx_word' id='word_1_89' title='bbox 1136 714 1322 757; x_wconf 82' lang='lat' dir='ltr'>literarum</span> <span class='ocrx_word' id='word_1_90' title='bbox 1340 722 1518 758; x_wconf 82' lang='lat' dir='ltr'>venustas</span> <span class='ocrx_word' id='word_1_91' title='bbox 1544 729 1613 757; x_wconf 80' lang='lat' dir='ltr'>ac-</span> 
     </span>
     <span class='ocr_line' id='line_1_14' title="bbox 100 769 1593 839; baseline -0.001 -24"><span class='ocrx_word' id='word_1_92' title='bbox 100 769 275 826; x_wconf 51' lang='lat' dir='ltr'>¹dignitus</span> <span class='ocrx_word' id='word_1_93' title='bbox 301 775 389 815; x_wconf 83' lang='lat' dir='ltr'>mihi</span> <span class='ocrx_word' id='word_1_94' title='bbox 417 778 622 817; x_wconf 86' lang='lat' dir='ltr'>monstrata</span> <span class='ocrx_word' id='word_1_95' title='bbox 657 777 886 839; x_wconf 77' lang='lat' dir='ltr'>quantopere</span> <span class='ocrx_word' id='word_1_96' title='bbox 919 774 1039 813; x_wconf 88' lang='lat' dir='ltr'>erexit</span> <span class='ocrx_word' id='word_1_97' title='bbox 1060 772 1264 824; x_wconf 86' lang='lat' dir='ltr'>juvenilem</span> <span class='ocrx_word' id='word_1_98' title='bbox 1291 773 1452 814; x_wconf 88' lang='lat' dir='ltr'>animum</span> <span class='ocrx_word' id='word_1_99' title='bbox 1479 773 1593 814; x_wconf 75' lang='lat' dir='ltr'>rebus</span> 
     </span>
     <span class='ocr_line' id='line_1_15' title="bbox 113 827 1592 882; baseline -0.001 -11"><span class='ocrx_word' id='word_1_100' title='bbox 113 830 281 871; x_wconf 83' lang='lat' dir='ltr'>adversis</span> <span class='ocrx_word' id='word_1_101' title='bbox 299 828 506 871; x_wconf 81' lang='lat' dir='ltr'>adflictum!</span> <span class='ocrx_word' id='word_1_102' title='bbox 537 827 681 869; x_wconf 73' lang='lat' dir='ltr'>Morbis</span> <span class='ocrx_word' id='word_1_103' title='bbox 699 830 796 869; x_wconf 91' lang='lat' dir='ltr'>enim</span> <span class='ocrx_word' id='word_1_104' title='bbox 814 829 1006 869; x_wconf 79' lang='lat' dir='ltr'>tenacibus</span> <span class='ocrx_word' id='word_1_105' title='bbox 1034 840 1109 869; x_wconf 93' lang='lat' dir='ltr'>non</span> <span class='ocrx_word' id='word_1_106' title='bbox 1137 828 1250 869; x_wconf 92' lang='lat' dir='ltr'>modo</span> <span class='ocrx_word' id='word_1_107' title='bbox 1279 829 1362 882; x_wconf 82' lang='lat' dir='ltr'>ipse</span> <span class='ocrx_word' id='word_1_108' title='bbox 1380 828 1441 870; x_wconf 85' lang='lat' dir='ltr'>bis</span> <span class='ocrx_word' id='word_1_109' title='bbox 1466 830 1592 870; x_wconf 82' lang='lat' dir='ltr'>inter-</span> 
     </span>
     <span class='ocr_line' id='line_1_16' title="bbox 114 883 1618 940; baseline -0.002 -13"><span class='ocrx_word' id='word_1_110' title='bbox 114 885 273 940; x_wconf 71' lang='lat' dir='ltr'>peilatus</span> <span class='ocrx_word' id='word_1_111' title='bbox 300 899 396 936; x_wconf 88' lang='lat' dir='ltr'>sum,</span> <span class='ocrx_word' id='word_1_112' title='bbox 424 898 552 926; x_wconf 78' lang='lat' dir='ltr'>verum</span> <span class='ocrx_word' id='word_1_113' title='bbox 581 886 691 925; x_wconf 87' lang='lat' dir='ltr'>etiam</span> <span class='ocrx_word' id='word_1_114' title='bbox 720 887 883 926; x_wconf 88' lang='lat' dir='ltr'>matris</span> <span class='ocrx_word' id='word_1_115' title='bbox 910 885 1018 928; x_wconf 85' lang='lat' dir='ltr'>saluti</span> <span class='ocrx_word' id='word_1_116' title='bbox 1045 897 1153 925; x_wconf 89' lang='lat' dir='ltr'>meae</span> <span class='ocrx_word' id='word_1_117' title='bbox 1180 897 1250 938; x_wconf 89' lang='lat' dir='ltr'>pro</span> <span class='ocrx_word' id='word_1_118' title='bbox 1278 883 1418 926; x_wconf 84' lang='lat' dir='ltr'>viribus</span> <span class='ocrx_word' id='word_1_119' title='bbox 1445 897 1591 927; x_wconf 81' lang='lat' dir='ltr'>consu—</span> <span class='ocrx_word' id='word_1_120' title='bbox 1615 922 1618 924; x_wconf 85' lang='lat'>.</span> 
     </span>
     <span class='ocr_line' id='line_1_17' title="bbox 113 941 1642 996; baseline 0.001 -13"><span class='ocrx_word' id='word_1_121' title='bbox 113 943 224 983; x_wconf 88' lang='lat' dir='ltr'>lentis</span> <span class='ocrx_word' id='word_1_122' title='bbox 258 941 406 983; x_wconf 81' lang='lat' dir='ltr'>labante</span> <span class='ocrx_word' id='word_1_123' title='bbox 439 941 651 982; x_wconf 86' lang='lat' dir='ltr'>valetudine</span> <span class='ocrx_word' id='word_1_124' title='bbox 684 947 866 994; x_wconf 86' lang='lat' dir='ltr'>perpetuo</span> <span class='ocrx_word' id='word_1_125' title='bbox 902 941 1141 992; x_wconf 87' lang='lat' dir='ltr'>sollicitatus,</span> <span class='ocrx_word' id='word_1_126' title='bbox 1184 941 1394 994; x_wconf 81' lang='lat' dir='ltr'>multaeque</span> <span class='ocrx_word' id='word_1_127' title='bbox 1430 943 1592 996; x_wconf 82' lang='lat' dir='ltr'>propin-</span> <span class='ocrx_word' id='word_1_128' title='bbox 1637 941 1642 944; x_wconf 79' lang='grc'><strong>’</strong></span> 
     </span>
     <span class='ocr_line' id='line_1_18' title="bbox 114 997 1594 1052; baseline -0.001 -12"><span class='ocrx_word' id='word_1_129' title='bbox 114 1010 271 1052; x_wconf 84' lang='lat' dir='ltr'>quorum</span> <span class='ocrx_word' id='word_1_130' title='bbox 305 1004 467 1046; x_wconf 85' lang='lat' dir='ltr'>mortes,</span> <span class='ocrx_word' id='word_1_131' title='bbox 510 1010 621 1051; x_wconf 85' lang='lat' dir='ltr'>quum</span> <span class='ocrx_word' id='word_1_132' title='bbox 658 997 731 1038; x_wconf 91' lang='lat' dir='ltr'>duo</span> <span class='ocrx_word' id='word_1_133' title='bbox 768 997 901 1039; x_wconf 79' lang='lat' dir='ltr'>fratres</span> <span class='ocrx_word' id='word_1_134' title='bbox 935 998 973 1038; x_wconf 91' lang='lat' dir='ltr'>in</span> <span class='ocrx_word' id='word_1_135' title='bbox 1005 998 1127 1051; x_wconf 89' lang='lat' dir='ltr'>iisque</span> <span class='ocrx_word' id='word_1_136' title='bbox 1163 997 1226 1037; x_wconf 92' lang='lat' dir='ltr'>ille</span> <span class='ocrx_word' id='word_1_137' title='bbox 1263 999 1368 1051; x_wconf 87' lang='lat' dir='ltr'>ipse,</span> <span class='ocrx_word' id='word_1_138' title='bbox 1411 999 1473 1051; x_wconf 86' lang='lat' dir='ltr'>qui</span> <span class='ocrx_word' id='word_1_139' title='bbox 1505 997 1594 1040; x_wconf 76' lang='lat' dir='ltr'>milii</span> 
     </span>
     <span class='ocr_line' id='line_1_19' title="bbox 115 1053 1594 1108; baseline 0.001 -13"><span class='ocrx_word' id='word_1_140' title='bbox 115 1056 296 1108; x_wconf 84' lang='lat' dir='ltr'>parentis</span> <span class='ocrx_word' id='word_1_141' title='bbox 304 1055 394 1095; x_wconf 89' lang='lat' dir='ltr'>loco</span> <span class='ocrx_word' id='word_1_142' title='bbox 423 1054 565 1105; x_wconf 77' lang='lat' dir='ltr'>fuerat,</span> <span class='ocrx_word' id='word_1_143' title='bbox 607 1059 803 1107; x_wconf 85' lang='lat' dir='ltr'>praeterea</span> <span class='ocrx_word' id='word_1_144' title='bbox 840 1065 950 1093; x_wconf 90' lang='lat' dir='ltr'>soror</span> <span class='ocrx_word' id='word_1_145' title='bbox 976 1053 1177 1106; x_wconf 85' lang='lat' dir='ltr'>pluresque</span> <span class='ocrx_word' id='word_1_146' title='bbox 1204 1053 1337 1094; x_wconf 81' lang='lat' dir='ltr'>aflines</span> <span class='ocrx_word' id='word_1_147' title='bbox 1365 1053 1594 1096; x_wconf 79' lang='lat' dir='ltr'>dilectissimi</span> 
     </span>
     <span class='ocr_line' id='line_1_20' title="bbox 115 1109 1451 1164; baseline 0 -13"><span class='ocrx_word' id='word_1_148' title='bbox 115 1111 193 1151; x_wconf 79' lang='lat' dir='ltr'>fato</span> <span class='ocrx_word' id='word_1_149' title='bbox 221 1110 439 1151; x_wconf 85' lang='lat' dir='ltr'>inexorabili</span> <span class='ocrx_word' id='word_1_150' title='bbox 467 1112 586 1164; x_wconf 83' lang='lat' dir='ltr'>erepti</span> <span class='ocrx_word' id='word_1_151' title='bbox 613 1110 701 1150; x_wconf 87' lang='lat' dir='ltr'>mihi</span> <span class='ocrx_word' id='word_1_152' title='bbox 729 1111 819 1160; x_wconf 90' lang='lat' dir='ltr'>sint,</span> <span class='ocrx_word' id='word_1_153' title='bbox 848 1110 1089 1150; x_wconf 85' lang='lat' dir='ltr'>vehementer</span> <span class='ocrx_word' id='word_1_154' title='bbox 1115 1122 1177 1149; x_wconf 91' lang='lat' dir='ltr'>me</span> <span class='ocrx_word' id='word_1_155' title='bbox 1204 1109 1451 1163; x_wconf 86' lang='lat' dir='ltr'>perculerunt.</span> 
     </span>
    </p>

    <p class='ocr_par' dir='ltr' id='par_1_8' title="bbox 66 1166 1601 2281">
     <span class='ocr_line' id='line_1_21' title="bbox 227 1166 1601 1219; baseline 0.001 -13"><span class='ocrx_word' id='word_1_156' title='bbox 227 1166 310 1206; x_wconf 89' lang='lat' dir='ltr'>Nee</span> <span class='ocrx_word' id='word_1_157' title='bbox 336 1172 471 1206; x_wconf 84' lang='lat' dir='ltr'>tamen.</span> <span class='ocrx_word' id='word_1_158' title='bbox 490 1166 657 1216; x_wconf 79' lang='lat' dir='ltr'>defuere,</span> <span class='ocrx_word' id='word_1_159' title='bbox 687 1167 750 1219; x_wconf 90' lang='lat' dir='ltr'>qui</span> <span class='ocrx_word' id='word_1_160' title='bbox 778 1172 949 1218; x_wconf 82' lang='lat' dir='ltr'>egestate</span> <span class='ocrx_word' id='word_1_161' title='bbox 977 1177 1197 1219; x_wconf 87' lang='lat' dir='ltr'>oppressum</span> <span class='ocrx_word' id='word_1_162' title='bbox 1226 1178 1286 1206; x_wconf 90' lang='lat' dir='ltr'>me</span> <span class='ocrx_word' id='word_1_163' title='bbox 1314 1172 1601 1218; x_wconf 73' lang='lat' dir='ltr'>cognoscentes</span> 
     </span>
     <span class='ocr_line' id='line_1_22' title="bbox 117 1220 1593 1275; baseline 0.001 -12"><span class='ocrx_word' id='word_1_164' title='bbox 117 1223 378 1263; x_wconf 88' lang='lat' dir='ltr'>condicionem</span> <span class='ocrx_word' id='word_1_165' title='bbox 405 1235 526 1263; x_wconf 90' lang='lat' dir='ltr'>meam</span> <span class='ocrx_word' id='word_1_166' title='bbox 554 1220 809 1271; x_wconf 84' lang='lat' dir='ltr'>sublevarent3</span> <span class='ocrx_word' id='word_1_167' title='bbox 840 1228 879 1262; x_wconf 91' lang='lat' dir='ltr'>et</span> <span class='ocrx_word' id='word_1_168' title='bbox 906 1234 1016 1274; x_wconf 91' lang='lat' dir='ltr'>quum</span> <span class='ocrx_word' id='word_1_169' title='bbox 1038 1234 1087 1262; x_wconf 85' lang='lat' dir='ltr'>ex</span> <span class='ocrx_word' id='word_1_170' title='bbox 1114 1224 1258 1262; x_wconf 88' lang='lat' dir='ltr'>aerario</span> <span class='ocrx_word' id='word_1_171' title='bbox 1287 1222 1439 1275; x_wconf 84' lang='lat' dir='ltr'>publico</span> <span class='ocrx_word' id='word_1_172' title='bbox 1466 1221 1593 1273; x_wconf 80' lang='lat' dir='ltr'>bene-</span> 
     </span>
     <span class='ocr_line' id='line_1_23' title="bbox 116 1278 1594 1330; baseline 0.001 -12"><span class='ocrx_word' id='word_1_173' title='bbox 116 1280 201 1318; x_wconf 85' lang='lat' dir='ltr'>licia</span> <span class='ocrx_word' id='word_1_174' title='bbox 244 1279 449 1318; x_wconf 89' lang='lat' dir='ltr'>seminariis</span> <span class='ocrx_word' id='word_1_175' title='bbox 482 1279 662 1318; x_wconf 86' lang='lat' dir='ltr'>destinata</span> <span class='ocrx_word' id='word_1_176' title='bbox 704 1284 743 1317; x_wconf 90' lang='lat' dir='ltr'>et</span> <span class='ocrx_word' id='word_1_177' title='bbox 775 1278 977 1330; x_wconf 87' lang='lat' dir='ltr'>peculiaria</span> <span class='ocrx_word' id='word_1_178' title='bbox 1021 1280 1058 1317; x_wconf 92' lang='lat' dir='ltr'>in</span> <span class='ocrx_word' id='word_1_179' title='bbox 1101 1291 1161 1317; x_wconf 93' lang='lat' dir='ltr'>me</span> <span class='ocrx_word' id='word_1_180' title='bbox 1196 1278 1471 1329; x_wconf 79' lang='lat' dir='ltr'>conferrentur,</span> <span class='ocrx_word' id='word_1_181' title='bbox 1518 1285 1594 1318; x_wconf 80' lang='lat' dir='ltr'>tum</span> 
     </span>
     <span class='ocr_line' id='line_1_24' title="bbox 118 1332 1594 1388; baseline 0.001 -16"><span class='ocrx_word' id='word_1_182' title='bbox 118 1332 388 1386; x_wconf 72' lang='lat' dir='ltr'>Amplissimus</span> <span class='ocrx_word' id='word_1_183' title='bbox 404 1332 729 1386; x_wconf 73' lang='lat' dir='ltr'>philosophorum</span> <span class='ocrx_word' id='word_1_184' title='bbox 746 1333 847 1373; x_wconf 84' lang='lat' dir='ltr'>ordo</span> <span class='ocrx_word' id='word_1_185' title='bbox 866 1345 914 1373; x_wconf 90' lang='lat' dir='ltr'>eo</span> <span class='ocrx_word' id='word_1_186' title='bbox 943 1345 1004 1373; x_wconf 93' lang='lat' dir='ltr'>me</span> <span class='ocrx_word' id='word_1_187' title='bbox 1032 1334 1102 1373; x_wconf 90' lang='lat' dir='ltr'>sibi</span> <span class='ocrx_word' id='word_1_188' title='bbox 1127 1334 1302 1384; x_wconf 86' lang='lat' dir='ltr'>devinxit,</span> <span class='ocrx_word' id='word_1_189' title='bbox 1331 1335 1433 1386; x_wconf 88' lang='lat' dir='ltr'>quod</span> <span class='ocrx_word' id='word_1_190' title='bbox 1446 1336 1594 1388; x_wconf 90' lang='lat' dir='ltr'>stipen-</span> 
     </span>
     <span class='ocr_line' id='line_1_25' title="bbox 117 1387 1596 1448; baseline 0.001 -18"><span class='ocrx_word' id='word_1_191' title='bbox 117 1390 215 1430; x_wconf 90' lang='lat' dir='ltr'>dium</span> <span class='ocrx_word' id='word_1_192' title='bbox 231 1387 532 1448; x_wconf 72' lang='lat' dir='ltr'>Junqnitmrmm</span> <span class='ocrx_word' id='word_1_193' title='bbox 561 1389 656 1430; x_wconf 90' lang='lat' dir='ltr'>duos</span> <span class='ocrx_word' id='word_1_194' title='bbox 681 1390 719 1430; x_wconf 88' lang='lat' dir='ltr'>in</span> <span class='ocrx_word' id='word_1_195' title='bbox 745 1401 862 1430; x_wconf 90' lang='lat' dir='ltr'>annos</span> <span class='ocrx_word' id='word_1_196' title='bbox 881 1389 968 1430; x_wconf 90' lang='lat' dir='ltr'>mihi</span> <span class='ocrx_word' id='word_1_197' title='bbox 986 1391 1178 1444; x_wconf 83' lang='lat' dir='ltr'>impertiit3</span> <span class='ocrx_word' id='word_1_198' title='bbox 1207 1389 1455 1442; x_wconf 81' lang='lat' dir='ltr'>singularibus</span> <span class='ocrx_word' id='word_1_199' title='bbox 1473 1396 1596 1431; x_wconf 87' lang='lat' dir='ltr'>autem</span> 
     </span>
     <span class='ocr_line' id='line_1_26' title="bbox 116 1443 1594 1498; baseline 0.001 -12"><span class='ocrx_word' id='word_1_200' title='bbox 116 1447 245 1498; x_wconf 82' lang='lat' dir='ltr'>gratiis</span> <span class='ocrx_word' id='word_1_201' title='bbox 271 1443 483 1488; x_wconf 88' lang='lat' dir='ltr'>nominandi</span> <span class='ocrx_word' id='word_1_202' title='bbox 522 1447 610 1487; x_wconf 87' lang='lat' dir='ltr'>mihi</span> <span class='ocrx_word' id='word_1_203' title='bbox 638 1452 722 1486; x_wconf 90' lang='lat' dir='ltr'>sunt</span> <span class='ocrx_word' id='word_1_204' title='bbox 755 1444 1034 1486; x_wconf 73' lang='lat' dir='ltr'>Ambroschius</span> <span class='ocrx_word' id='word_1_205' title='bbox 1070 1453 1109 1487; x_wconf 88' lang='lat' dir='ltr'>et</span> <span class='ocrx_word' id='word_1_206' title='bbox 1141 1445 1371 1497; x_wconf 77' lang='lat' dir='ltr'>Stenzelius,</span> <span class='ocrx_word' id='word_1_207' title='bbox 1409 1447 1594 1497; x_wconf 87' lang='lat' dir='ltr'>vv.111‚</span> 
     </span>
     <span class='ocr_line' id='line_1_27' title="bbox 117 1502 1596 1600; baseline 0.001 -2"><span class='ocrx_word' id='word_1_208' title='bbox 117 1502 1507 1600; x_wconf 51' lang='lat' dir='ltr'>31:31efficia:3⁰⁰2232‘32‘3mssi*²332323232„¹33”ei‘gisiffl&#39;gzzmvff</span> <span class='ocrx_word' id='word_1_209' title='bbox 1534 1516 1596 1570; x_wconf 72' lang='lat'>¹¹³⁶</span> 
     </span>
     <span class='ocr_line' id='line_1_28' title="bbox 117 1571 1594 1667; baseline 0 -13"><span class='ocrx_word' id='word_1_210' title='bbox 117 1613 272 1654; x_wconf 89' lang='lat' dir='ltr'>busdam</span> <span class='ocrx_word' id='word_1_211' title='bbox 302 1571 623 1654; x_wconf 59' lang='lat' dir='ltr'>excellgntissimis</span> <span class='ocrx_word' id='word_1_212' title='bbox 651 1615 688 1654; x_wconf 91' lang='lat' dir='ltr'>in</span> <span class='ocrx_word' id='word_1_213' title='bbox 707 1615 827 1667; x_wconf 88' lang='lat' dir='ltr'>patrio</span> <span class='ocrx_word' id='word_1_214' title='bbox 847 1614 986 1667; x_wconf 91' lang='lat' dir='ltr'>oppido</span> <span class='ocrx_word' id='word_1_215' title='bbox 1005 1571 1249 1664; x_wconf 56' lang='lat' dir='ltr'>vergantibus,</span> <span class='ocrx_word' id='word_1_216' title='bbox 1269 1572 1594 1667; x_wconf 43' lang='lat' dir='ltr'>qgleinoviffiqyd-</span> 
     </span>
     <span class='ocr_line' id='line_1_29' title="bbox 82 1669 1596 1722; baseline 0.001 -12"><span class='ocrx_word' id='word_1_217' title='bbox 82 1714 85 1715; x_wconf 16' lang='lat'><em>⁷</em></span> <span class='ocrx_word' id='word_1_218' title='bbox 118 1671 206 1710; x_wconf 91' lang='lat' dir='ltr'>dicii</span> <span class='ocrx_word' id='word_1_219' title='bbox 225 1669 366 1709; x_wconf 89' lang='lat' dir='ltr'>ducalis</span> <span class='ocrx_word' id='word_1_220' title='bbox 384 1670 560 1721; x_wconf 88' lang='lat' dir='ltr'>praesidi,</span> <span class='ocrx_word' id='word_1_221' title='bbox 590 1670 850 1722; x_wconf 87' lang='lat' dir='ltr'>omnibusque,</span> <span class='ocrx_word' id='word_1_222' title='bbox 880 1672 942 1721; x_wconf 91' lang='lat' dir='ltr'>qui</span> <span class='ocrx_word' id='word_1_223' title='bbox 960 1677 1047 1711; x_wconf 89' lang='lat' dir='ltr'>tunc</span> <span class='ocrx_word' id='word_1_224' title='bbox 1066 1677 1182 1720; x_wconf 91' lang='lat' dir='ltr'>erant,</span> <span class='ocrx_word' id='word_1_225' title='bbox 1212 1670 1365 1721; x_wconf 83' lang='lat' dir='ltr'>collegii</span> <span class='ocrx_word' id='word_1_226' title='bbox 1392 1673 1430 1710; x_wconf 92' lang='lat' dir='ltr'>in</span> <span class='ocrx_word' id='word_1_227' title='bbox 1457 1672 1596 1712; x_wconf 90' lang='lat' dir='ltr'>eodem</span> 
     </span>
     <span class='ocr_line' id='line_1_30' title="bbox 118 1722 1594 1777; baseline 0.001 -12"><span class='ocrx_word' id='word_1_228' title='bbox 118 1725 283 1766; x_wconf 88' lang='lat' dir='ltr'>tribunali</span> <span class='ocrx_word' id='word_1_229' title='bbox 318 1727 454 1774; x_wconf 86' lang='lat' dir='ltr'>sociis,</span> <span class='ocrx_word' id='word_1_230' title='bbox 497 1731 573 1765; x_wconf 89' lang='lat' dir='ltr'>tum</span> <span class='ocrx_word' id='word_1_231' title='bbox 611 1722 815 1765; x_wconf 71' lang='lat' dir='ltr'>Clee’novio</span> <span class='ocrx_word' id='word_1_232' title='bbox 850 1725 926 1765; x_wconf 89' lang='lat' dir='ltr'>filio</span> <span class='ocrx_word' id='word_1_233' title='bbox 939 1755 951 1775; x_wconf 92' lang='lat'>‚</span> <span class='ocrx_word' id='word_1_234' title='bbox 984 1726 1115 1777; x_wconf 87' lang='lat' dir='ltr'>judicii</span> <span class='ocrx_word' id='word_1_235' title='bbox 1145 1725 1274 1766; x_wconf 88' lang='lat' dir='ltr'>urbani</span> <span class='ocrx_word' id='word_1_236' title='bbox 1306 1726 1503 1776; x_wconf 80' lang='lat' dir='ltr'>directuri,</span> <span class='ocrx_word' id='word_1_237' title='bbox 1543 1733 1594 1776; x_wconf 89' lang='lat' dir='ltr'>et,</span> 
     </span>
     <span class='ocr_line' id='line_1_31' title="bbox 119 1780 1594 1835; baseline 0.002 -16"><span class='ocrx_word' id='word_1_238' title='bbox 119 1793 227 1834; x_wconf 86' lang='lat' dir='ltr'>quem</span> <span class='ocrx_word' id='word_1_239' title='bbox 250 1782 332 1831; x_wconf 76' lang='lat' dir='ltr'>Jam</span> <span class='ocrx_word' id='word_1_240' title='bbox 359 1781 483 1829; x_wconf 85' lang='lat' dir='ltr'>attuli,</span> <span class='ocrx_word' id='word_1_241' title='bbox 520 1780 698 1833; x_wconf 74' lang='lat' dir='ltr'>Lanqio,</span> <span class='ocrx_word' id='word_1_242' title='bbox 732 1783 916 1832; x_wconf 75' lang='lat' dir='ltr'>gymnasii</span> <span class='ocrx_word' id='word_1_243' title='bbox 950 1781 1146 1831; x_wconf 80' lang='lat' dir='ltr'>directuri,</span> <span class='ocrx_word' id='word_1_244' title='bbox 1181 1783 1319 1833; x_wconf 86' lang='lat' dir='ltr'>gratias</span> <span class='ocrx_word' id='word_1_245' title='bbox 1346 1794 1456 1833; x_wconf 87' lang='lat' dir='ltr'>agam</span> <span class='ocrx_word' id='word_1_246' title='bbox 1484 1795 1594 1835; x_wconf 87' lang='lat' dir='ltr'>qnam</span> 
     </span>
     <span class='ocr_line' id='line_1_32' title="bbox 119 1836 1596 1944; baseline 0.001 -11"><span class='ocrx_word' id='word_1_247' title='bbox 119 1836 458 1933; x_wconf 61' lang='lat' dir='ltr'>ssffl’ffl</span> <span class='ocrx_word' id='word_1_248' title='bbox 486 1836 715 1943; x_wconf 59' lang='lat' dir='ltr'>ffiffissfflffl</span> <span class='ocrx_word' id='word_1_249' title='bbox 747 1837 1596 1944; x_wconf 41' lang='lat' dir='ltr'>cffieaefflssaffpffffiefflffleffi</span> 
     </span>
     <span class='ocr_line' id='line_1_33' title="bbox 66 1946 1596 2002; baseline 0.001 -14"><span class='ocrx_word' id='word_1_250' title='bbox 66 1965 68 1967; x_wconf 48' lang='lat'>&gt;</span> <span class='ocrx_word' id='word_1_251' title='bbox 119 1947 328 1988; x_wconf 88' lang='lat' dir='ltr'>nevolentia</span> <span class='ocrx_word' id='word_1_252' title='bbox 366 1947 536 1987; x_wconf 86' lang='lat' dir='ltr'>discedet</span> <span class='ocrx_word' id='word_1_253' title='bbox 570 1949 640 1988; x_wconf 87' lang='lat' dir='ltr'>viri</span> <span class='ocrx_word' id='word_1_254' title='bbox 674 1948 924 1988; x_wconf 83' lang='lat' dir='ltr'>humanissimi</span> <span class='ocrx_word' id='word_1_255' title='bbox 952 1946 1111 1988; x_wconf 67' lang='lat' dir='ltr'>Mallem·</span> <span class='ocrx_word' id='word_1_256' title='bbox 1139 1950 1378 1998; x_wconf 79' lang='lat' dir='ltr'>mercatoris,</span> <span class='ocrx_word' id='word_1_257' title='bbox 1422 1951 1485 2002; x_wconf 93' lang='lat' dir='ltr'>qui</span> <span class='ocrx_word' id='word_1_258' title='bbox 1520 1949 1596 1990; x_wconf 90' lang='lat' dir='ltr'>ali-</span> 
     </span>
     <span class='ocr_line' id='line_1_34' title="bbox 120 2003 1596 2058; baseline 0.002 -15"><span class='ocrx_word' id='word_1_259' title='bbox 120 2003 267 2056; x_wconf 89' lang='lat' dir='ltr'>quando</span> <span class='ocrx_word' id='word_1_260' title='bbox 296 2015 378 2053; x_wconf 91' lang='lat' dir='ltr'>me,</span> <span class='ocrx_word' id='word_1_261' title='bbox 413 2003 510 2042; x_wconf 87' lang='lat' dir='ltr'>unde</span> <span class='ocrx_word' id='word_1_262' title='bbox 545 2005 682 2044; x_wconf 87' lang='lat' dir='ltr'>victum</span> <span class='ocrx_word' id='word_1_263' title='bbox 718 2016 957 2056; x_wconf 88' lang='lat' dir='ltr'>quaererem,</span> <span class='ocrx_word' id='word_1_264' title='bbox 999 2006 1166 2044; x_wconf 88' lang='lat' dir='ltr'>nescium</span> <span class='ocrx_word' id='word_1_265' title='bbox 1201 2006 1436 2058; x_wconf 86' lang='lat' dir='ltr'>paratissimo</span> <span class='ocrx_word' id='word_1_266' title='bbox 1472 2007 1596 2046; x_wconf 89' lang='lat' dir='ltr'>animo</span> 
     </span>
     <span class='ocr_line' id='line_1_35' title="bbox 119 2058 1597 2114; baseline 0.001 -14"><span class='ocrx_word' id='word_1_267' title='bbox 119 2060 269 2111; x_wconf 82' lang='lat' dir='ltr'>adjuvit.</span> <span class='ocrx_word' id='word_1_268' title='bbox 307 2058 478 2099; x_wconf 87' lang='lat' dir='ltr'>Omnium</span> <span class='ocrx_word' id='word_1_269' title='bbox 505 2059 636 2100; x_wconf 89' lang='lat' dir='ltr'>horum</span> <span class='ocrx_word' id='word_1_270' title='bbox 664 2059 906 2113; x_wconf 85' lang='lat' dir='ltr'>aliorumque,</span> <span class='ocrx_word' id='word_1_271' title='bbox 937 2061 999 2113; x_wconf 87' lang='lat' dir='ltr'>qui</span> <span class='ocrx_word' id='word_1_272' title='bbox 1028 2060 1076 2101; x_wconf 91' lang='lat' dir='ltr'>de</span> <span class='ocrx_word' id='word_1_273' title='bbox 1104 2073 1164 2101; x_wconf 92' lang='lat' dir='ltr'>me</span> <span class='ocrx_word' id='word_1_274' title='bbox 1194 2062 1331 2114; x_wconf 90' lang='lat' dir='ltr'>optime</span> <span class='ocrx_word' id='word_1_275' title='bbox 1359 2067 1444 2102; x_wconf 85' lang='lat' dir='ltr'>sunt</span> <span class='ocrx_word' id='word_1_276' title='bbox 1462 2063 1597 2113; x_wconf 88' lang='lat' dir='ltr'>meriti,</span> 
     </span>
     <span class='ocr_line' id='line_1_36' title="bbox 121 2115 1597 2170; baseline 0.003 -16"><span class='ocrx_word' id='word_1_277' title='bbox 121 2117 336 2155; x_wconf 89' lang='lat' dir='ltr'>memoriam</span> <span class='ocrx_word' id='word_1_278' title='bbox 369 2116 432 2167; x_wconf 90' lang='lat' dir='ltr'>pio</span> <span class='ocrx_word' id='word_1_279' title='bbox 462 2128 613 2168; x_wconf 90' lang='lat' dir='ltr'>semper</span> <span class='ocrx_word' id='word_1_280' title='bbox 640 2117 762 2155; x_wconf 88' lang='lat' dir='ltr'>animo</span> <span class='ocrx_word' id='word_1_281' title='bbox 792 2115 941 2156; x_wconf 85' lang='lat' dir='ltr'>tenebo.</span> <span class='ocrx_word' id='word_1_282' title='bbox 1001 2117 1084 2157; x_wconf 86' lang='lat' dir='ltr'>Hoc</span> <span class='ocrx_word' id='word_1_283' title='bbox 1113 2117 1260 2170; x_wconf 90' lang='lat' dir='ltr'>quidem</span> <span class='ocrx_word' id='word_1_284' title='bbox 1288 2124 1477 2170; x_wconf 89' lang='lat' dir='ltr'>tempore,</span> <span class='ocrx_word' id='word_1_285' title='bbox 1506 2118 1597 2158; x_wconf 75' lang='lat' dir='ltr'>fau-</span> 
     </span>
     <span class='ocr_line' id='line_1_37' title="bbox 121 2168 1598 2224; baseline 0.002 -12"><span class='ocrx_word' id='word_1_286' title='bbox 121 2170 262 2212; x_wconf 90' lang='lat' dir='ltr'>toribus</span> <span class='ocrx_word' id='word_1_287' title='bbox 289 2168 444 2210; x_wconf 77' lang='lat' dir='ltr'>Haase‘o</span> <span class='ocrx_word' id='word_1_288' title='bbox 473 2177 512 2211; x_wconf 88' lang='lat' dir='ltr'>et</span> <span class='ocrx_word' id='word_1_289' title='bbox 537 2170 888 2223; x_wconf 63' lang='lat' dir='ltr'>Ranlcenlieimio,</span> <span class='ocrx_word' id='word_1_290' title='bbox 918 2172 1000 2212; x_wconf 88' lang='lat' dir='ltr'>VV.</span> <span class='ocrx_word' id='word_1_291' title='bbox 1033 2172 1125 2224; x_wconf 63' lang='lat' dir='ltr'>cn„</span> <span class='ocrx_word' id='word_1_292' title='bbox 1162 2174 1232 2213; x_wconf 88' lang='lat' dir='ltr'>hac</span> <span class='ocrx_word' id='word_1_293' title='bbox 1260 2174 1296 2213; x_wconf 91' lang='lat' dir='ltr'>in</span> <span class='ocrx_word' id='word_1_294' title='bbox 1324 2173 1417 2214; x_wconf 88' lang='lat' dir='ltr'>urbe</span> <span class='ocrx_word' id='word_1_295' title='bbox 1445 2186 1598 2215; x_wconf 87' lang='lat' dir='ltr'>munere</span> 
     </span>
     <span class='ocr_line' id='line_1_38' title="bbox 121 2216 773 2281; baseline 0 -13"><span class='ocrx_word' id='word_1_296' title='bbox 121 2216 257 2279; x_wconf 62' lang='lat' dir='ltr'>fungor</span> <span class='ocrx_word' id='word_1_297' title='bbox 284 2226 479 2267; x_wconf 90' lang='lat' dir='ltr'>domestici</span> <span class='ocrx_word' id='word_1_298' title='bbox 506 2229 773 2281; x_wconf 86' lang='lat' dir='ltr'>praeceptoris.</span> 
     </span>
    </p>
   </div>
   <div class='ocr_carea' id='block_1_7' title="bbox 668 2444 1043 2471">
    <p class='ocr_par' dir='ltr' id='par_1_9' title="bbox 668 2444 1043 2471">
     <span class='ocr_line' id='line_1_39' title="bbox 668 2444 1043 2471; baseline 0 0"><span class='ocrx_word' id='word_1_299' title='bbox 668 2444 1043 2471; x_wconf 47' lang='grc' dir='ltr'>ψ</span> 
     </span>
    </p>
   </div>
  </div>
 </body>
</html>
