1730 2851
760 126 987 200 22⁹?

288 287 466 341 graphica
495 299 578 327 cum
606 287 740 326 literis:
773 284 823 325 B.
856 285 901 325 F.
972 285 1227 326 Adhibuerunt
1254 285 1383 326 librum
1407 288 1485 338 jam
1514 286 1598 326 Pi-

291 344 438 384 eli-ena
467 349 506 383 et
532 343 657 391 Ern.;
686 341 799 382 multa
818 342 866 382 ab
891 342 949 381 his
967 344 1228 394 praetermissa
1257 341 1400 392 Pass„
1429 342 1597 383 walth.

289 405 329 439 et
348 398 469 439 Gerl.
492 404 697 448 motai-unt,
719 409 868 437 errores
888 398 1145 447 emendarum
1151 411 1155 414 ⁴
1176 398 1391 450 equidem
1419 398 1469 448 id,
1499 398 1601 452 qnod

289 457 327 496 in
352 455 450 496 bibl.
481 467 562 506 reg.
592 453 742 503 Vratisl.
774 456 897 494 exstat
932 459 971 493 et
1001 455 1080 505 jam
1116 467 1138 494 a
1175 428 1491 494 Pass.e011am1'm
1528 460 1598 503 est,

289 511 500 577 exemplum
537 511 660 550 denuo
699 509 978 561 diligentissime
1014 511 1165 549 excussi
1207 521 1331 562 eoque
1371 521 1446 549 non
1481 521 1601 562 pauca

291 569 453 618 correxi,
488 568 526 607 in
553 565 635 606 aliis
663 565 945 606 dubitationem
954 565 1061 606 solvi.

237 620 312 673 10)
328 623 566 665 nonacensis
575 621 698 670 [Mon.
700 626 736 672 ),
745 622 793 661 de
809 634 881 674 qua
898 622 947 661 cf.
955 622 1036 662 Pes.
1047 635 1084 674 p.
1094 622 1195 669 XIII,
1215 622 1285 674 Rp.
1295 634 1332 674 p.
1344 621 1550 671 CXXVIII,
1557 619 1600 671 4,

125 679 285 720 charact.
308 680 426 732 goth„
455 677 521 719 fol.
542 678 680 728 XVIII,
702 677 824 718 Germ.
845 683 984 718 tannim
1005 679 1198 718 continens
1219 683 1257 717 et
1276 679 1470 732 iuscripta:
1503 675 1601 717 Cor-

123 734 218 774 nelii
239 735 368 775 Taciti
393 734 645 774 illustrissimi
662 733 842 774 historici
860 734 913 773 de
930 735 1021 781 situ,
1048 733 1220 773 moribus
1248 737 1288 773 ei
1309 733 1474 786 populis
1505 731 1601 773 Ger-
1674 744 1688 763 0

124 790 254 830 martie
281 803 425 831 aureus
451 787 613 839 libellus,
646 790 754 830 form
785 789 851 840 IV,
881 790 976 830 haec
1003 790 1050 830 ad
1080 789 1225 830 calcem
1253 789 1370 830 verba
1398 789 1601 830 exhibens.

125 846 359 899 Impressum
395 850 455 885 est
492 845 569 885 Ιιοσ
608 843 700 886 Cor.
733 846 862 885 Taciti
895 858 1057 886 aureum
1091 844 1324 898 opusculum
1360 845 1463 897 Lips
1501 848 1601 894 (sic)

123 903 167 941 in
207 902 373 942 aedibus
420 900 653 954 Wolfyanyi
693 901 957 941 Monacensis.
1023 899 1138 941 Anno
1181 901 1333 941 domini
1369 900 1433 941 M.
1464 900 1520 941 D.
1550 900 1600 940 11.

124 958 266 998 Primus
294 959 390 998 hanc
418 958 493 1007 ed.,
523 970 619 1010 quae
647 959 685 997 in
712 961 839 998 nostra
868 957 957 998 bibl.
978 960 1083 1009 regia
1113 955 1246 1008 eistat,
1276 958 1403 998 Pass.
1429 957 1601 1007 contulit,

125 1021 201 1053 tum
229 1015 436 1053 accuratius
463 1014 617 1062 Hess.,
647 1013 716 1053 sed
745 1013 844 1065 quod
872 1015 1057 1053 variantes
1085 1014 1267 1053 lectiones
1296 1014 1344 1053 ad
1373 1026 1407 1053 c.
1428 1010 1484 1052 27
1512 1020 1601 1052 tan-

124 1075 201 1109 tum
240 1071 277 1109 in
306 1081 441 1110 comm.
470 1069 522 1109 111
559 1068 698 1122 publici
729 1070 823 1120 juris
864 1069 986 1109 factae
1022 1075 1119 1119 sunt,
1157 1069 1314 1109 eandem
1349 1081 1437 1121 ego
1480 1069 1601 1109 denuo

126 1127 307 1177 integ-ram
336 1127 496 1165 excussi.

240 1178 316 1229 11)
346 1182 542 1231 anaginna
571 1180 751 1230 (Rhag.,)
781 1180 828 1220 de
857 1192 928 1232 qua
958 1180 1006 1219 cf.
1037 1180 1126 1221 Ern.
1157 1192 1216 1232 ap.
1249 1180 1320 1220 Ob.
1351 1193 1388 1232 p.
1409 1180 1506 1229 LXI,
1538 1192 1599 1232 ap.

125 1236 194 1277 Bk.
214 1249 250 1289 p.
261 1235 453 1286 XXXVII,
482 1237 552 1288 Rp.
573 1248 610 1288 p.
622 1235 825 1286 CXXVIII,
834 1233 876 1285 5,
898 1235 1128 1283 Germaniam
1147 1236 1265 1276 solam
1285 1237 1492 1286 continens,
1504 1236 1601 1276 edita

125 1292 174 1332 ab
193 1293 301 1332 Joan.
313 1293 459 1343 Rhagio
479 1265 900 1344 Aesticampiano,1'.ips.
912 1281 1034 1341 1509,
1047 1294 1244 1344 quaternis.
1284 1291 1502 1332 Habuerunt
1519 1304 1602 1331 earn

127 1347 657 1400 Long„Ern.,0be1-l.,
687 1353 914 1400 postremum
943 1348 976 1387 Η
986 1360 1068 1397 ss
1099 1349 1160 1399 qui
1188 1347 1303 1399 longe
1321 1349 1602 1388 accuratissime

127 1416 210 1444 eam
240 1404 404 1454 contulit,
435 1404 504 1443 sed
531 1403 703 1443 lectionis
721 1405 937 1444 varietatem
964 1404 1012 1443 ad
1042 1416 1075 1443 c.
1096 1401 1151 1442 27
1181 1410 1319 1443 tantum
1337 1403 1513 1454 vulgavit.

242 1457 319 1508 12)
347 1462 507 1502 luviem
535 1459 669 1508 (Rivq)
700 1459 746 1499 de
774 1471 847 1511 qua
876 1460 925 1499 cf.
955 1459 1044 1499 Ern.
1074 1471 1134 1512 ap.
1166 1459 1237 1499 Ob.
1267 1472 1304 1512 p.
1321 1457 1513 1509 XXXVII,
1542 1472 1601 1512 ap.

129 1516 242 1568 Bk.p
245 1515 387 1565 XXV,
416 1515 564 1554 Walch.
575 1515 693 1581 ‘Ag-r„
714 1515 844 1567 p.VII,
872 1515 959 1555 Hss.
981 1514 1025 1555 C.
1045 1515 1109 1573 111,
1129 1528 1166 1568 p.
1184 1515 1250 1565 IV,
1278 1515 1381 1555 Wth.
1402 1489 1603 1568 p.XXVII,

129 1572 199 1624 Rp.
210 1584 256 1624 p.
272 1545 404 1621 CXIII,
413 1569 454 1620 7,
485 1572 608 1610 omnIa
627 1571 743 1610 Taciti
769 1582 884 1623 opera
913 1565 1107 1611 continens
1137 1577 1174 1610 et
1201 1573 1397 1623 inscripti:
1431 1569 1606 1610 Comelii

133 1625 263 1665 Tacita·
289 1625 470 1665 historici
493 1626 720 1677 gravissimi
737 1625 1061 1678 disertissimique
1084 1627 1311 1677 fraymenta
1332 1630 1520 1665 accurate
1545 1639 1603 1664 re-

130 1682 290 1734 coynita
317 1693 368 1720 ac
394 1694 497 1720 nova
525 1693 693 1720 censura
720 1682 928 1733 castigata.
981 1679 1098 1720 Jomt.
1118 1680 1262 1720 Rivius
1281 1682 1500 1727 recensuit.
1527 1683 1603 1722 im-

129 1749 261 1789 pressa
288 1736 460 1776 Venetiis
473 1748 551 1787 per
567 1735 758 1775 Joannem
778 1736 956 1775 Rubeum
984 1735 1264 1775 Vercellemem
1273 1734 1395 1781 1512,
1415 1736 1507 1774 XX
1511 1736 1605 1783 Jul

130 1792 211 1843 fol„
241 1804 326 1832 cum
345 1792 450 1832 brevi
470 1791 621 1831 editoris
640 1791 882 1844 praefatione.
941 1791 1001 1832 Ab
1030 1791 1134 1832 Ern.
1164 1794 1295 1845 paucis
1321 1792 1418 1832 locis
1445 1793 1605 1833 adhibita

130 1849 227 1888 haec
255 1848 315 1888 ed.
345 1849 501 1900 primum
529 1848 726 1898 diligenter
751 1848 799 1887 ab
829 1848 1002 1888 HessIo
1031 1848 1079 1888 ad
1108 1847 1338 1888 Germaniam
1368 1848 1503 1888 collata
1533 1856 1602 1898 est,

131 1904 200 1944 sed
227 1903 398 1944 lectionis
425 1905 586 1943 varietas
613 1903 661 1943 ad
690 1915 724 1943 c.
745 1901 800 1942 27
828 1910 965 1944 tantum
993 1904 1152 1955 vulgata.

246 1957 320 2008 13)
355 1962 583 2002 Viennensis
624 1960 816 2010 (Vicum),
865 1960 913 2000 de
955 1972 1027 2012 qua
1069 1973 1105 1999 v.
1143 1960 1246 1999 Pass.
1293 1972 1330 2011 p.
1368 1959 1460 2009 XV,
1509 1961 1603 2012 Rup.

133 2028 170 2068 p.
203 2015 407 2065 CXXVIII,
437 2014 477 2065 7,
518 2017 709 2066 inscripta:
763 2013 936 2054 Cornelii
977 2014 1104 2053 Taciti
1137 2015 1307 2053 veridici
1340 2013 1521 2053 historici
1554 2016 1608 2054 de

133 2072 212 2110 situ
251 2069 463 2110 Germania
497 2075 537 2109 et
568 2069 806 2109 incolarum.-
847 2074 892 2110 ut
924 2069 1031 2109 secla
1064 2068 1157 2108 olim
1190 2069 1393 2121 ferebant.-
1436 2070 1607 2110 moribus

134 2125 285 2164 libellus
317 2125 421 2164 lectu
457 2126 722 2176 dimissimus.
784 2123 963 2164 conradi
1000 2124 1122 2164 Celtis
1158 2125 1342 2176 Prowcii
1371 2129 1490 2176 poete
1520 2129 1606 2177 fra-

132 2184 293 2234 gmenta
335 2181 506 2234 quedam
548 2180 600 2220 de
646 2180 784 2220 iisdem
823 2181 927 2220 scitu
962 2181 1176 2220 admodum
1211 2178 1336 2219 utilia.
1417 2178 1608 2220 Omnibus

135 2235 344 2290 diliyenter
370 2237 510 2276 revisis
528 2240 568 2275 et
583 2237 813 2289 castiyatis„
842 2237 922 2277 foll.
939 2237 1046 2277 XXII
1073 2237 1216 2276 formae
1239 2236 1291 2275 IV
1309 2237 1474 2286 minoris,
1493 2237 1607 2277 nitide

135 2295 329 2346 impressa.
388 2293 430 2332 In
458 2294 530 2332 fine
559 2299 679 2332 autem
707 2293 803 2333 haec
828 2292 1017 2344 leguntur:
1065 2291 1296 2344 Impressum
1324 2295 1383 2329 est
1406 2290 1484 2331 Ιιοσ
1511 2305 1608 2345 opu-

135 2347 284 2388 sculum
331 2352 521 2387 accurata
577 2346 784 2400 diligentia
838 2348 1006 2388 ,loannis
1050 2347 1249 2399 Sinyrevii
1298 2344 1608 2400 Chalc-nymphi.

146 2404 295 2443 Vienna
312 2403 520 2443 Pannmae
547 2415 676 2443 mense
692 2403 880 2443 Januarii
897 2402 1033 2443 MDX
1040 2402 1084 2442 V.
1141 2403 1332 2442 Postrema
1350 2405 1485 2455 pag-Ina
1505 2405 1608 2455 figu-

136 2471 215 2499 ram
244 2460 426 2513 quandam
453 2459 760 2512 xylographicam
788 2460 950 2500 ostendit
975 2459 1157 2499 Leonardi
1184 2458 1339 2498 Alantse
1367 2461 1516 2499 nomine
1545 2462 1609 2500 in-

137 2522 325 2555 structam.
389 2516 530 2555 Primus
565 2516 766 2556 editionem
801 2516 953 2556 contulit
988 2515 1136 2562 Pass.,
1178 2516 1236 2553 cui
1271 2514 1359 2553 bibl.
1391 2527 1472 2566 reg.
1503 2516 1607 2556 Vrat.

137 2572 457 2623 suppeditaverat3
502 2572 640 2611 omissa
668 2572 848 2624 quaedam
887 2571 1086 2611 Seebod.
1118 2572 1308 2623 excerpsit
1344 2576 1382 2609 et
1417 2571 1466 2611 ad
1499 2572 1563 2612 Ru
1572 2585 1608 2625 p.

138 2627 253 2674 misit;
293 2629 502 2668 accuratius
532 2629 640 2667 etiam
668 2629 727 2668 Hs
737 2641 768 2668 s.
798 2627 959 2667 libellum
989 2629 1228 2678 comparavit,
1252 2627 1325 2666 vsed
1354 2639 1404 2666 ex
1433 2640 1480 2667 ea
1508 2641 1609 2680 quo-

139 2693 213 2733 que
242 2681 300 2720 ed.
326 2682 517 2735 hucusque
547 2684 593 2723 ad
624 2696 658 2723 c.
678 2681 733 2723 27
764 2683 909 2724 demum
936 2685 1061 2722 variae
1089 2682 1189 2722 lectt.
1211 2684 1248 2721 in
1269 2681 1412 2722 Comm.
1434 2683 1485 2724 111
1514 2697 1610 2736 pro-

140 2738 234 2777 latae
263 2743 356 2776 sunt.
418 2738 655 2791 Quapropter
682 2740 898 2792 equidem
927 2738 1051 2779 denuo
1081 2738 1280 2778 editionem
1308 2741 1469 2779 excussi.
