1730 2851
833 96 898 147 :37

131 258 240 307 bent3
277 258 314 296 in
342 256 501 297 unaed.
532 257 629 306 Par„
661 262 758 296 teste
786 256 913 307 Hssio,
943 258 1145 298 invenitur:
1184 258 1438 311 dicatumque
1472 259 1519 297 in
1548 271 1615 298 eo.

132 314 251 363 Quam
279 313 766 365 lectionem‚3posteaquam
793 313 993 353 Rhenanus
1019 314 1071 352 in
1094 326 1142 353 eo
1172 315 1389 365 conjectura
1416 321 1612 363 assecutus

119 369 191 411 ‘est
218 367 291 417 (cf.
322 366 414 409 infr.¹
436 381 470 409 c.
500 369 598 419 IV),
634 380 743 423 seqq,
774 369 938 412 editores
966 369 1053 409 inde
1081 382 1104 409 a
1132 369 1315 420 Pichena,
1350 372 1411 422 qui
1440 371 1612 424 copulam

131 437 209 478 que
235 436 259 465 a
285 424 404 466 Rhen.
435 427 689 468 omissam.÷ex
708 425 768 467 ed.
788 425 868 469 Put.
882 426 947 470 V„
967 426 1090 466 denuo
1120 427 1291 477 restituit,
1320 439 1395 474 uno
1425 439 1612 467 consensu

115 488 373 534 receperunt,
411 488 450 522 et
478 481 578 525 Gerl.
607 494 779 534 quoque,
818 494 1028 535 quanquam
1054 482 1231 529 librorum
1259 494 1468 523 consensus
1496 489 1611 524 nota-

130 537 215 579 bilis
243 539 283 578 ei⁴
298 538 453 590 videtur,
478 539 734 584 necessariam
762 538 862 580 hane
887 539 1185 585 emendationem
1202 538 1325 580 habet.
1386 539 1465 582 Sed
1489 552 1610 580 accu-

131 597 245 635 ratius
273 597 310 635 in
336 607 417 636 rem
444 596 643 648 inquirenti
669 596 707 635 in
735 595 796 635 ed.
816 595 900 636 Par.
929 595 991 636 illa
1018 596 1134 640 lectio
1154 603 1230 636 non
1257 598 1377 636 minus
1407 595 1506 643 illata
1536 597 1609 643 de-

131 664 230 692 mum
257 651 323 692 tihi
349 649 545 701 videbitur,
576 664 687 703 quum
715 657 754 691 et
772 663 968 704 operarum
995 652 1225 703 negligentia
1252 652 1446 705 permulta
1462 655 1499 692 in
1528 666 1610 692 eam

131 709 345 759 irrepserint
358 707 491 750 menda
507 714 546 747 et
559 708 712 747 editoris
727 708 985 749 emendatione
998 711 1150 761 saepius
1165 708 1281 748 verba
1297 714 1433 748 mutata
1451 710 1524 749 sint
1536 709 1606 757 (cf.

131 763 223 813 infra
252 776 285 803 c.
313 764 368 804 IV
404 769 443 803 et
460 766 541 815 jam
575 775 687 816 supra
720 776 756 817 p.
786 760 894 814 30),
926 764 1044 805 rlectio
1080 765 1124 803 iu
1150 776 1197 803 eo
1233 766 1346 816 igitur
1372 765 1469 805 haud
1498 765 1609 805 dubie

130 821 172 859 in
195 819 371 860 alterutro
400 822 639 860 mutationum
667 831 810 871 genere
838 821 1035 861 referenda
1064 823 1122 861 sit.
1183 820 1406 873 Quodquum
1435 821 1609 862 codicum

132 877 312 928 scriptura
341 876 384 917 iu
412 888 462 915 ea
488 876 615 920 locum
633 876 775 929 habere
794 883 967 929 nequeat,
996 877 1097 930 quod
1127 876 1259 917 eadem
1288 878 1480 928 cogitatio,
1504 890 1608 930 vquae

126 934 205 982 jam
232 933 270 971 in
297 932 442 972 verbis:
472 932 515 971 ἰπ
542 931 673 983 imula
700 931 855 972 Oceani
881 935 991 982 inest,
1020 933 1118 978 male
1136 939 1380 985 repeteretur,
1408 936 1606 986 quaeritur,

131 993 216 1028 num
252 987 485 1028 nihilominus
520 988 728 1028 emendatio
748 988 827 1029 ,illa
863 991 899 1029 in
933 989 1018 1029 edd.
1047 989 1130 1029 Par.
1165 995 1204 1029 et
1230 989 1349 1029 Rhen.
1379 989 1490 1030 obvia
1518 1002 1608 1037 vera

134 1047 180 1085 sit
208 1044 389 1086 habenda.
447 1044 533 1085 Mea
566 1056 717 1098 quoque
745 1047 926 1087 sententia
953 1058 1028 1086 non
1054 1059 1206 1099 parvam
1234 1045 1316 1097 illa,
1355 1047 1456 1099 quod
1482 1053 1607 1100 aptum

131 1114 280 1142 sensum
308 1101 483 1153 praebet,
519 1104 683 1141 veritatis
711 1104 878 1154 speciem
912 1114 1003 1155 prae
1031 1115 1075 1142 se
1109 1103 1201 1152 fert3
1243 1109 1405 1143 attamen
1432 1103 1605 1144 nonnulla

131 1162 262 1198 contra
290 1169 374 1197 eam
401 1156 476 1197 dici
502 1164 670 1210 possunt.
727 1158 822 1198 Nam
852 1160 1009 1212 primum
1038 1160 1211 1212 scriptor,
1240 1172 1351 1211 quum
1370 1161 1407 1199 in
1424 1161 1509 1213 ipso
1528 1173 1604 1200 ne-

130 1226 236 1254 more
262 1216 424 1265 positum
442 1213 558 1253 fuisse
576 1214 785 1253 vehiculum
804 1214 931 1254 dicere
956 1215 1082 1264 vellet,
1110 1215 1350 1267 probabiliter
1376 1227 1470 1255 non:
1493 1215 1604 1255 dica-

131 1273 288 1323 tumque
316 1269 358 1307 in
386 1281 433 1308 eo
461 1267 605 1318 celric„
642 1269 712 1310 sed
738 1276 876 1311 mutato
907 1271 1055 1311 ordine:
1092 1271 1134 1309 in
1162 1283 1287 1324 eoque
1313 1270 1491 1311 dicam
1518 1270 1603 1311 velt.

131 1327 355 1378 scripsisset,
385 1331 425 1364 ut
452 1328 603 1376 gravior
623 1326 801 1376 vocibus:
830 1328 872 1366 in
900 1340 947 1365 eo
968 1329 1031 1371 vis
1061 1327 1298 1377 tribueretur3
1328 1333 1416 1378 tum,
1446 1329 1480 1368 si
1506 1327 1605 1367 illam

131 1384 383 1433 conjecturam
396 1383 662 1434 reciperemus,
683 1382 827 1423 duobus
854 1385 1072 1435 participiis,
1100 1383 1276 1423 dicabam
1305 1389 1345 1423 et
1370 1387 1603 1433 contecmm,

131 1451 215 1478 cum
243 1439 415 1478 nomine:
464 1436 683 1478 vehiculum
712 1440 792 1478 sine
820 1439 956 1491 copula
984 1438 1212 1490 conjunctis,
1242 1439 1395 1480 durities
1422 1440 1603 1492 quaedam

131 1500 359 1535 exoreretur.
420 1493 563 1542 Quibus
592 1495 639 1534 de
660 1496 783 1534 causis
812 1501 850 1534 et
878 1495 979 1547 quod
996 1500 1086 1534 vett.
1106 1495 1190 1536 libri
1208 1508 1329 1548 paene
1358 1508 1489 1535 omnes
1516 1496 1603 1536 for-

129 1563 227 1590 mam
243 1563 291 1590 ea
310 1550 502 1602 praebent,
532 1551 579 1590 de
601 1551 796 1594 lectionis:
827 1552 869 1589 in
898 1564 944 1591 eo
971 1553 1127 1591 veritate
1146 1552 1324 1598 dubitanti
1342 1553 1497 1603 egregia
1516 1553 1603 1592 mihi

131 1620 153 1646 a
182 1607 474 1646 Schneidero
514 1607 746 1659 professore,
775 1613 1022 1659 praeceptore
1050 1607 1303 1658 dilectissimo,
1334 1609 1515 1660 impertita
1544 1615 1603 1648 est

129 1662 359 1704 emendatio:
402 1662 656 1715 dicatumque
692 1663 844 1711 intra,
880 1675 989 1715 quam
1016 1663 1255 1715 sequentibus
1283 1665 1456 1717 equidem
1482 1676 1601 1716 argu-

129 1720 262 1761 mentis
287 1720 385 1758 tueri
411 1723 523 1770 atque
551 1718 770 1759 confirmare
798 1719 976 1759 conabor.
1034 1720 1176 1760 Sensus
1204 1722 1301 1764 enim
1328 1721 1437 1772 hujus
1466 1734 1601 1761 emen—

129 1776 300 1824 dationis,
329 1780 368 1813 ut
396 1781 499 1814 recte
527 1774 763 1825 intelligatur,
790 1775 852 1815 hic
880 1782 939 1815 est
955 1776 1156 1816 vernaculo
1177 1789 1370 1816 sermone:
1398 1775 1602 1816 innon-halb

128 1831 209 1880 des,
234 1832 284 1871 im
311 1830 475 1882 heiligen
501 1831 620 1871 Haine
653 1830 871 1883 yeweilzten
905 1844 1047 1883 engern
1075 1831 1258 1882 Bait-les,
1292 1833 1498 1885 gleichsam
1534 1833 1601 1873 des

130 1887 445 1938 Allerheiligsten.
482 1888 681 1927 Duaezhoc
708 1888 797 1928 loco
827 1889 1072 1928 dubitationes
1090 1889 1276 1929 tollendae
1293 1889 1474 1938 videntur,
1503 1902 1598 1942 quae

128 1944 283 1983 forsitan
318 1945 380 1982 cui
414 1943 500 1983 inde
528 1950 757 1994 moveantur,
792 1944 892 1996 quod
918 1945 1087 1989 nominis,
1102 1946 1255 1984 notione
1280 1945 1512 1997 participium
1539 1945 1599 1985 da·-

129 2003 258 2038 eatum
287 1999 465 2048 afficitur,
502 2001 731 2052 praepositio
767 2000 874 2039 intra
909 2012 1000 2039 vero
1030 2002 1236 2052 postposita
1265 2006 1334 2040 est.
1395 2001 1473 2041 Sed
1500 2013 1597 2051 cum,

127 2056 175 2095 ad
202 2053 356 2108 primum
384 2055 474 2095 illud
502 2055 601 2108 quod
629 2057 768 2106 attinet,
805 2056 988 2107 ejusmodi
1016 2056 1210 2106 dictiones,
1241 2056 1370 2110 quales
1398 2063 1499 2097 sunt:
1536 2070 1598 2096 ve-

126 2125 213 2151 rum
240 2111 395 2158 dicere,
438 2112 587 2152 dictum
618 2125 707 2151 cum
731 2115 845 2165 facto
881 2125 1131 2165 componere,
1174 2117 1304 2152 votum
1334 2115 1474 2165 facere
1509 2118 1598 2162 etc„

129 2170 277 2208 omnino
294 2170 565 2209 usitatissimae
601 2171 692 2219 sint,
738 2181 820 2209 cum
850 2171 930 2219 jam
964 2178 1078 2209 aurea
1112 2176 1235 2209 aetate
1268 2170 1378 2209 multa
1413 2170 1598 2220 adJectiva

127 2236 268 2275 genere
296 2230 426 2264 neutro
446 2227 496 2264 ita
514 2231 688 2277 usurpata
707 2227 791 2274 sint,
818 2231 857 2265 ut
874 2237 943 2278 pro
964 2225 1200 2270 substantivis
1218 2231 1454 2277 ponerentur,
1483 2228 1598 2278 quin-

127 2282 238 2321 etiam
266 2282 311 2320 iis
340 2280 482 2330 formis,
513 2281 645 2332 quibus
674 2294 793 2332 genus
820 2288 987 2322 neutrum
1015 2294 1037 2321 a
1057 2282 1259 2321 masculino
1279 2293 1353 2321 non
1372 2281 1493 2321 differt
1523 2284 1594 2330 (cf.

127 2337 231 2377 Reis.
261 2336 380 2376 schol.
411 2335 434 2389 §
462 2334 548 2375 225
577 2349 662 2376 cum
689 2338 815 2377 Haasii
843 2338 1020 2384 adnott.),
1048 2343 1124 2376 tum
1152 2338 1211 2376 hic
1240 2350 1329 2376 usus
1357 2350 1379 2376 a
1408 2340 1533 2389 poetis
1561 2345 1600 2377 et

128 2392 371 2445 scriptoribus
408 2393 627 2445 posterioris
663 2395 842 2447 temporis
876 2395 986 2433 etiam
1019 2395 1138 2444 magis
1173 2392 1341 2433 excultus
1377 2400 1447 2433 est.
1519 2394 1600 2434 Tali

125 2448 240 2488 modo
268 2446 366 2501 apud
379 2449 544 2489 Tacitum
562 2462 716 2489 numero
744 2451 876 2502 plurali
904 2456 942 2489 et
969 2450 1151 2499 adjectiva
1172 2448 1351 2500 permulta
1378 2452 1500 2501 posita
1528 2464 1598 2503 pro

126 2502 363 2546 substantivis
389 2505 606 2555 invenimus,
647 2505 761 2545 veluti
794 2506 890 2546 Ann.
921 2505 950 2554 I,
980 2505 997 2544 1
1026 2510 1063 2544 et
1088 2504 1172 2554 XV,
1206 2501 1277 2544 14:
1316 2518 1515 2557 prospera
1542 2529 1600 2536 —

125 2559 317 2608 adversa,
355 2567 393 2600 et
419 2567 613 2614 praeterea
640 2563 737 2602 Ann.
774 2562 811 2613 1,
840 2559 886 2612 93
916 2558 992 2611 463
1028 2561 1075 2611 Π,
1107 2557 1178 2610 14;
1207 2557 1283 2611 39;
1320 2559 1490 2612 ΙΙΙ,,54;
1519 2560 1596 2612 553

125 2616 173 2663 V,
201 2612 242 2654 4.
288 2616 355 2664 XI,
385 2613 425 2656 6.
469 2618 570 2667 XIV,
600 2615 675 2667 543
704 2618 770 2669 Vl,
798 2615 874 2667 333
903 2618 969 2666 XI,
1002 2615 1074 2666 l5;
1106 2615 1179 2665 173
1209 2614 1285 2667 263
1314 2619 1398 2669 XII,
1430 2616 1497 2660 15.
1528 2617 1596 2659 40.

125 2672 216 2721 Hist.
247 2671 294 2722 11,
323 2667 399 2721 663
435 2674 519 2724 XII,
552 2671 629 2726 323
665 2671 741 2726 57;
777 2675 880 2725 XIV,
910 2671 985 2724 15,
1022 2680 1060 2714 et
1087 2675 1300 2728 participia,
1335 2677 1482 2730 quippe,
1501 2689 1598 2729 quae

123 2729 392 2780 ‚adjectivorum
420 2731 494 2770 vim
523 2734 750 2784 acceperint,
784 2739 824 2771 ut
851 2732 948 2771 Ann.
976 2731 1024 2779 V,
1053 2727 1100 2770 4:
1138 2731 1417 2771 imminentium
1444 2731 1596 2780 oblitus,
