<?xml version="1.0" encoding="UTF-8"?>
<!DOCTYPE html PUBLIC "-//W3C//DTD XHTML 1.0 Transitional//EN"
    "http://www.w3.org/TR/xhtml1/DTD/xhtml1-transitional.dtd">
<html xmlns="http://www.w3.org/1999/xhtml" xml:lang="en" lang="en">
 <head>
  <title>
</title>
<meta http-equiv="Content-Type" content="text/html;charset=utf-8" />
  <meta name='ocr-system' content='tesseract 3.04.00' />
  <meta name='ocr-capabilities' content='ocr_page ocr_carea ocr_par ocr_line ocrx_word'/>
</head>
<body>
  <div class='ocr_page' id='page_1' title='image "4737871_0038.png"; bbox 0 0 1730 2851; ppageno 0'>
   <div class='ocr_carea' id='block_1_1' title="bbox 750 133 890 211">
    <p class='ocr_par' dir='ltr' id='par_1_1' title="bbox 750 133 890 211">
     <span class='ocr_line' id='line_1_1' title="bbox 750 133 890 211; baseline 0.036 -30"><span class='ocrx_word' id='word_1_1' title='bbox 750 133 890 211; x_wconf 17' lang='grc' dir='ltr'><strong>,αῖ</strong></span> 
     </span>
    </p>
   </div>
   <div class='ocr_carea' id='block_1_2' title="bbox 726 201 991 207">
    <p class='ocr_par' dir='ltr' id='par_1_2' title="bbox 726 201 991 207">
     <span class='ocr_line' id='line_1_2' title="bbox 726 201 991 207; baseline 0 0"><span class='ocrx_word' id='word_1_2' title='bbox 726 201 991 207; x_wconf 95' lang='lat' dir='ltr'><strong> </strong></span> 
     </span>
    </p>
   </div>
   <div class='ocr_carea' id='block_1_3' title="bbox 122 291 1633 2357">
    <p class='ocr_par' dir='ltr' id='par_1_3' title="bbox 273 291 1600 836">
     <span class='ocr_line' id='line_1_3' title="bbox 290 291 1598 332; baseline -0.001 -1"><span class='ocrx_word' id='word_1_3' title='bbox 290 292 413 331; x_wconf 82' lang='lat' dir='ltr'><strong>denuo</strong></span> <span class='ocrx_word' id='word_1_4' title='bbox 442 293 537 331; x_wconf 90' lang='lat' dir='ltr'><strong>haec</strong></span> <span class='ocrx_word' id='word_1_5' title='bbox 566 292 625 332; x_wconf 91' lang='lat' dir='ltr'><strong>ed.</strong></span> <span class='ocrx_word' id='word_1_6' title='bbox 657 291 704 330; x_wconf 87' lang='lat' dir='ltr'><strong>ab</strong></span> <span class='ocrx_word' id='word_1_7' title='bbox 734 291 904 330; x_wconf 84' lang='lat' dir='ltr'><strong>Hessio</strong></span> <span class='ocrx_word' id='word_1_8' title='bbox 943 298 981 330; x_wconf 91' lang='lat' dir='ltr'><strong>et</strong></span> <span class='ocrx_word' id='word_1_9' title='bbox 1008 292 1174 331; x_wconf 86' lang='lat' dir='ltr'><strong>Walth.</strong></span> <span class='ocrx_word' id='word_1_10' title='bbox 1208 291 1342 331; x_wconf 81' lang='lat' dir='ltr'><strong>collata</strong></span> <span class='ocrx_word' id='word_1_11' title='bbox 1371 297 1440 330; x_wconf 86' lang='lat' dir='ltr'><strong>est.</strong></span> <span class='ocrx_word' id='word_1_12' title='bbox 1513 291 1598 331; x_wconf 83' lang='lat' dir='ltr'>Mihi</span> 
     </span>
     <span class='ocr_line' id='line_1_4' title="bbox 289 345 1598 401; baseline 0.001 -14"><span class='ocrx_word' id='word_1_13' title='bbox 289 347 447 400; x_wconf 73' lang='lat' dir='ltr'><strong>quidemv</strong></span> <span class='ocrx_word' id='word_1_14' title='bbox 465 349 501 388; x_wconf 94' lang='lat' dir='ltr'><strong>in</strong></span> <span class='ocrx_word' id='word_1_15' title='bbox 524 347 647 389; x_wconf 87' lang='lat' dir='ltr'><strong>indice</strong></span> <span class='ocrx_word' id='word_1_16' title='bbox 667 345 889 401; x_wconf 74' lang='lat' dir='ltr'><strong>Germaniae</strong></span> <span class='ocrx_word' id='word_1_17' title='bbox 908 347 1107 388; x_wconf 83' lang='lat' dir='ltr'><strong>editionum</strong></span> <span class='ocrx_word' id='word_1_18' title='bbox 1127 353 1340 400; x_wconf 84' lang='lat' dir='ltr'><strong>propterea,</strong></span> <span class='ocrx_word' id='word_1_19' title='bbox 1370 346 1471 400; x_wconf 83' lang='lat' dir='ltr'><strong>qnod</strong></span> <span class='ocrx_word' id='word_1_20' title='bbox 1487 347 1598 388; x_wconf 85' lang='lat' dir='ltr'><strong>Rhe-</strong></span> 
     </span>
     <span class='ocr_line' id='line_1_5' title="bbox 289 403 1599 456; baseline -0.001 -12"><span class='ocrx_word' id='word_1_21' title='bbox 289 416 405 444; x_wconf 82' lang='lat' dir='ltr'><strong>nanus</strong></span> <span class='ocrx_word' id='word_1_22' title='bbox 433 411 597 444; x_wconf 83' lang='lat' dir='ltr'><strong>nostrum</strong></span> <span class='ocrx_word' id='word_1_23' title='bbox 624 403 789 445; x_wconf 90' lang='lat' dir='ltr'><strong>libellum</strong></span> <span class='ocrx_word' id='word_1_24' title='bbox 815 403 940 456; x_wconf 89' lang='lat' dir='ltr'><strong>paullo</strong></span> <span class='ocrx_word' id='word_1_25' title='bbox 970 410 1056 443; x_wconf 86' lang='lat' dir='ltr'><strong>ante</strong></span> <span class='ocrx_word' id='word_1_26' title='bbox 1084 405 1243 444; x_wconf 82' lang='lat' dir='ltr'><strong>seorsim</strong></span> <span class='ocrx_word' id='word_1_27' title='bbox 1272 404 1430 456; x_wconf 26' lang='lat' dir='ltr'><strong>abNipso</strong></span> <span class='ocrx_word' id='word_1_28' title='bbox 1460 404 1599 444; x_wconf 84' lang='lat' dir='ltr'><strong>editum</strong></span> 
     </span>
     <span class='ocr_line' id='line_1_6' title="bbox 273 459 1597 514; baseline 0.001 -14"><span class='ocrx_word' id='word_1_29' title='bbox 273 461 326 500; x_wconf 60' lang='lat' dir='ltr'><strong>‘in</strong></span> <span class='ocrx_word' id='word_1_30' title='bbox 354 460 425 502; x_wconf 90' lang='lat' dir='ltr'><strong>hac</strong></span> <span class='ocrx_word' id='word_1_31' title='bbox 454 471 604 514; x_wconf 88' lang='lat' dir='ltr'><strong>quoque</strong></span> <span class='ocrx_word' id='word_1_32' title='bbox 633 459 692 499; x_wconf 88' lang='lat' dir='ltr'><strong>ed.</strong></span> <span class='ocrx_word' id='word_1_33' title='bbox 717 461 953 512; x_wconf 78' lang='lat' dir='ltr'><strong>recognovit,</strong></span> <span class='ocrx_word' id='word_1_34' title='bbox 983 461 1132 513; x_wconf 85' lang='lat' dir='ltr'><strong>saepius</strong></span> <span class='ocrx_word' id='word_1_35' title='bbox 1162 461 1327 500; x_wconf 83' lang='lat' dir='ltr'><strong>correxit</strong></span> <span class='ocrx_word' id='word_1_36' title='bbox 1354 466 1393 499; x_wconf 90' lang='lat' dir='ltr'><strong>et</strong></span> <span class='ocrx_word' id='word_1_37' title='bbox 1420 461 1457 500; x_wconf 92' lang='lat' dir='ltr'><strong>in</strong></span> <span class='ocrx_word' id='word_1_38' title='bbox 1474 459 1597 501; x_wconf 82' lang='lat' dir='ltr'><strong>Eleu-</strong></span> 
     </span>
     <span class='ocr_line' id='line_1_7' title="bbox 291 515 1597 571; baseline 0 -14"><span class='ocrx_word' id='word_1_39' title='bbox 291 517 363 557; x_wconf 89' lang='lat' dir='ltr'><strong>cho</strong></span> <span class='ocrx_word' id='word_1_40' title='bbox 393 529 438 557; x_wconf 89' lang='lat' dir='ltr'><strong>ea</strong></span> <span class='ocrx_word' id='word_1_41' title='bbox 465 517 710 569; x_wconf 79' lang='lat' dir='ltr'><strong>potissimum,</strong></span> <span class='ocrx_word' id='word_1_42' title='bbox 740 528 837 568; x_wconf 83' lang='lat' dir='ltr'><strong>quae</strong></span> <span class='ocrx_word' id='word_1_43' title='bbox 863 517 912 556; x_wconf 90' lang='lat' dir='ltr'><strong>ad</strong></span> <span class='ocrx_word' id='word_1_44' title='bbox 938 529 1001 556; x_wconf 89' lang='lat' dir='ltr'><strong>res</strong></span> <span class='ocrx_word' id='word_1_45' title='bbox 1022 515 1241 571; x_wconf 79' lang='lat' dir='ltr'><strong>Germaniae</strong></span> <span class='ocrx_word' id='word_1_46' title='bbox 1268 518 1464 569; x_wconf 84' lang='lat' dir='ltr'><strong>pertinent,</strong></span> <span class='ocrx_word' id='word_1_47' title='bbox 1494 517 1597 557; x_wconf 90' lang='lat' dir='ltr'><strong>indi-</strong></span> 
     </span>
     <span class='ocr_line' id='line_1_8' title="bbox 290 571 1600 621; baseline 0.001 -10"><span class='ocrx_word' id='word_1_48' title='bbox 290 579 398 612; x_wconf 82' lang='lat' dir='ltr'><strong>cante</strong></span> <span class='ocrx_word' id='word_1_49' title='bbox 425 572 629 621; x_wconf 78' lang='lat' dir='ltr'><strong>illustravit,</strong></span> <span class='ocrx_word' id='word_1_50' title='bbox 658 571 776 611; x_wconf 86' lang='lat' dir='ltr'><strong>Rben.</strong></span> <span class='ocrx_word' id='word_1_51' title='bbox 799 572 1022 611; x_wconf 81' lang='lat' dir='ltr'><strong>editionibus</strong></span> <span class='ocrx_word' id='word_1_52' title='bbox 1040 572 1312 612; x_wconf 84' lang='lat' dir='ltr'><strong>adnumeranda</strong></span> <span class='ocrx_word' id='word_1_53' title='bbox 1331 573 1428 612; x_wconf 87' lang='lat' dir='ltr'><strong>haec</strong></span> <span class='ocrx_word' id='word_1_54' title='bbox 1455 572 1600 612; x_wconf 87' lang='lat' dir='ltr'><strong>videtur</strong></span> 
     </span>
     <span class='ocr_line' id='line_1_9' title="bbox 290 626 1598 680; baseline 0 -13"><span class='ocrx_word' id='word_1_55' title='bbox 290 640 362 668; x_wconf 88' lang='lat' dir='ltr'><strong>nec</strong></span> <span class='ocrx_word' id='word_1_56' title='bbox 381 634 504 668; x_wconf 87' lang='lat' dir='ltr'><strong>tamen</strong></span> <span class='ocrx_word' id='word_1_57' title='bbox 523 626 677 678; x_wconf 79' lang='lat' dir='ltr'><strong>vulgare</strong></span> <span class='ocrx_word' id='word_1_58' title='bbox 696 639 850 669; x_wconf 89' lang='lat' dir='ltr'><strong>nomen:</strong></span> <span class='ocrx_word' id='word_1_59' title='bbox 881 627 940 667; x_wconf 89' lang='lat' dir='ltr'><strong>ed.</strong></span> <span class='ocrx_word' id='word_1_60' title='bbox 961 628 1110 677; x_wconf 68' lang='lat' dir='ltr'><strong>Alcimi,</strong></span> <span class='ocrx_word' id='word_1_61' title='bbox 1136 628 1238 680; x_wconf 86' lang='lat' dir='ltr'><strong>quod</strong></span> <span class='ocrx_word' id='word_1_62' title='bbox 1255 627 1345 668; x_wconf 90' lang='lat' dir='ltr'><strong>Ern.</strong></span> <span class='ocrx_word' id='word_1_63' title='bbox 1366 627 1463 667; x_wconf 89' lang='lat' dir='ltr'><strong>libro</strong></span> <span class='ocrx_word' id='word_1_64' title='bbox 1484 628 1598 677; x_wconf 86' lang='lat' dir='ltr'><strong>dedit,</strong></span> 
     </span>
     <span class='ocr_line' id='line_1_10' title="bbox 289 682 1599 736; baseline 0 -14"><span class='ocrx_word' id='word_1_65' title='bbox 289 684 390 733; x_wconf 89' lang='lat' dir='ltr'><strong>Hss.,</strong></span> <span class='ocrx_word' id='word_1_66' title='bbox 410 682 564 732; x_wconf 89' lang='lat' dir='ltr'><strong>Walth.,</strong></span> <span class='ocrx_word' id='word_1_67' title='bbox 583 682 726 722; x_wconf 89' lang='lat' dir='ltr'><strong>Dronk.</strong></span> <span class='ocrx_word' id='word_1_68' title='bbox 756 685 994 733; x_wconf 86' lang='lat' dir='ltr'><strong>retinuerunt,</strong></span> <span class='ocrx_word' id='word_1_69' title='bbox 1025 695 1135 735; x_wconf 89' lang='lat' dir='ltr'><strong>quum</strong></span> <span class='ocrx_word' id='word_1_70' title='bbox 1165 695 1280 736; x_wconf 88' lang='lat' dir='ltr'><strong>opera</strong></span> <span class='ocrx_word' id='word_1_71' title='bbox 1309 685 1475 735; x_wconf 86' lang='lat' dir='ltr'><strong>quamvis</strong></span> <span class='ocrx_word' id='word_1_72' title='bbox 1502 683 1599 723; x_wconf 89' lang='lat' dir='ltr'><strong>levis</strong></span> 
     </span>
     <span class='ocr_line' id='line_1_11' title="bbox 288 739 1598 792; baseline 0.001 -14"><span class='ocrx_word' id='word_1_73' title='bbox 288 741 325 779; x_wconf 88' lang='lat' dir='ltr'><strong>in</strong></span> <span class='ocrx_word' id='word_1_74' title='bbox 364 744 444 778; x_wconf 87' lang='lat' dir='ltr'><strong>toto</strong></span> <span class='ocrx_word' id='word_1_75' title='bbox 483 751 600 791; x_wconf 89' lang='lat' dir='ltr'><strong>opere</strong></span> <span class='ocrx_word' id='word_1_76' title='bbox 634 739 801 792; x_wconf 90' lang='lat' dir='ltr'><strong>impensa</strong></span> <span class='ocrx_word' id='word_1_77' title='bbox 838 752 886 779; x_wconf 87' lang='lat' dir='ltr'><strong>eo</strong></span> <span class='ocrx_word' id='word_1_78' title='bbox 922 740 1163 791; x_wconf 83' lang='lat' dir='ltr'><strong>significetur,</strong></span> <span class='ocrx_word' id='word_1_79' title='bbox 1203 752 1287 779; x_wconf 88' lang='lat' dir='ltr'><strong>cum</strong></span> <span class='ocrx_word' id='word_1_80' title='bbox 1324 739 1479 792; x_wconf 81' lang='lat' dir='ltr'><strong>Rupert.</strong></span> <span class='ocrx_word' id='word_1_81' title='bbox 1511 752 1598 779; x_wconf 92' lang='lat' dir='ltr'><strong>mu-</strong></span> 
     </span>
     <span class='ocr_line' id='line_1_12' title="bbox 290 795 1193 836; baseline 0.002 -2"><span class='ocrx_word' id='word_1_82' title='bbox 290 795 450 834; x_wconf 86' lang='lat' dir='ltr'><strong>tandum.</strong></span> <span class='ocrx_word' id='word_1_83' title='bbox 1190 833 1193 836; x_wconf 87' lang='lat'><strong>.</strong></span> 
     </span>
    </p>

    <p class='ocr_par' dir='ltr' id='par_1_4' title="bbox 288 846 1633 1674">
     <span class='ocr_line' id='line_1_13' title="bbox 351 846 1631 904; baseline 0.001 -15"><span class='ocrx_word' id='word_1_84' title='bbox 351 846 423 896; x_wconf 91' lang='lat'><strong>19)</strong></span> <span class='ocrx_word' id='word_1_85' title='bbox 452 852 514 891; x_wconf 80' lang='lat' dir='ltr'><strong>Ed.</strong></span> <span class='ocrx_word' id='word_1_86' title='bbox 543 852 714 898; x_wconf 69' lang='lat' dir='ltr'><strong>Rhenui</strong></span> <span class='ocrx_word' id='word_1_87' title='bbox 850 855 925 904; x_wconf 43' lang='lat'><strong>⁸²0(</strong></span> <span class='ocrx_word' id='word_1_88' title='bbox 985 852 1199 902; x_wconf 57' lang='lat' dir='ltr'><strong>gn‚‚.maj.),</strong></span> <span class='ocrx_word' id='word_1_89' title='bbox 1242 850 1289 891; x_wconf 90' lang='lat' dir='ltr'><strong>de</strong></span> <span class='ocrx_word' id='word_1_90' title='bbox 1327 863 1398 903; x_wconf 88' lang='lat' dir='ltr'><strong>qua</strong></span> <span class='ocrx_word' id='word_1_91' title='bbox 1428 849 1478 890; x_wconf 80' lang='lat' dir='ltr'><strong>cs.</strong></span> <span class='ocrx_word' id='word_1_92' title='bbox 1507 850 1595 890; x_wconf 90' lang='lat' dir='ltr'><strong>Ern.</strong></span> <span class='ocrx_word' id='word_1_93' title='bbox 1627 854 1631 859; x_wconf 91' lang='grc'><strong>’</strong></span> 
     </span>
     <span class='ocr_line' id='line_1_14' title="bbox 293 853 1597 959; baseline 0 -14"><span class='ocrx_word' id='word_1_94' title='bbox 293 919 350 958; x_wconf 86' lang='lat' dir='ltr'><strong>ap.</strong></span> <span class='ocrx_word' id='word_1_95' title='bbox 384 906 454 946; x_wconf 93' lang='lat' dir='ltr'><strong>Ob.</strong></span> <span class='ocrx_word' id='word_1_96' title='bbox 486 919 522 958; x_wconf 94' lang='lat' dir='ltr'><strong>p.</strong></span> <span class='ocrx_word' id='word_1_97' title='bbox 539 901 673 956; x_wconf 63' lang='lat' dir='ltr'>XLIV,</span> <span class='ocrx_word' id='word_1_98' title='bbox 696 853 861 958; x_wconf 50' lang='lat' dir='ltr'><strong>§pmfflg</strong></span> <span class='ocrx_word' id='word_1_99' title='bbox 876 915 934 959; x_wconf 59' lang='lat' dir='ltr'><strong>J).</strong></span> <span class='ocrx_word' id='word_1_100' title='bbox 1010 932 1013 933; x_wconf 29' lang='grc' dir='ltr'><em>ν</em></span> <span class='ocrx_word' id='word_1_101' title='bbox 1075 919 1081 932; x_wconf 69' lang='lat'>‘</span> <span class='ocrx_word' id='word_1_102' title='bbox 1117 907 1258 947; x_wconf 90' lang='lat' dir='ltr'><strong>Dronk.</strong></span> <span class='ocrx_word' id='word_1_103' title='bbox 1289 920 1325 958; x_wconf 90' lang='lat' dir='ltr'><strong>p.</strong></span> <span class='ocrx_word' id='word_1_104' title='bbox 1336 907 1422 956; x_wconf 90' lang='lat' dir='ltr'>VII,</span> <span class='ocrx_word' id='word_1_105' title='bbox 1449 906 1597 946; x_wconf 88' lang='lat' dir='ltr'><strong>Walch.</strong></span> 
     </span>
     <span class='ocr_line' id='line_1_15' title="bbox 291 959 1598 1015; baseline 0 -14"><span class='ocrx_word' id='word_1_106' title='bbox 291 974 327 1014; x_wconf 82' lang='lat' dir='ltr'><strong>p.</strong></span> <span class='ocrx_word' id='word_1_107' title='bbox 350 961 449 1012; x_wconf 91' lang='lat' dir='ltr'>VIII,</span> <span class='ocrx_word' id='word_1_108' title='bbox 486 962 625 1001; x_wconf 88' lang='lat' dir='ltr'><strong>Walth.</strong></span> <span class='ocrx_word' id='word_1_109' title='bbox 656 975 693 1014; x_wconf 85' lang='lat' dir='ltr'><strong>p.</strong></span> <span class='ocrx_word' id='word_1_110' title='bbox 714 960 887 1012; x_wconf 89' lang='lat' dir='ltr'>XXVIII,</span> <span class='ocrx_word' id='word_1_111' title='bbox 933 962 1029 1014; x_wconf 90' lang='lat' dir='ltr'><strong>Rup.</strong></span> <span class='ocrx_word' id='word_1_112' title='bbox 1060 975 1096 1015; x_wconf 89' lang='lat' dir='ltr'><strong>p.</strong></span> <span class='ocrx_word' id='word_1_113' title='bbox 1121 962 1236 1012; x_wconf 86' lang='lat' dir='ltr'><strong>CXV,</strong></span> <span class='ocrx_word' id='word_1_114' title='bbox 1267 959 1321 1001; x_wconf 78' lang='lat'><strong>12</strong></span> <span class='ocrx_word' id='word_1_115' title='bbox 1341 969 1380 1002; x_wconf 91' lang='lat' dir='ltr'><strong>et</strong></span> <span class='ocrx_word' id='word_1_116' title='bbox 1400 959 1467 1012; x_wconf 85' lang='grc'><strong>16,</strong></span> <span class='ocrx_word' id='word_1_117' title='bbox 1511 962 1598 1002; x_wconf 89' lang='lat' dir='ltr'><strong>Hss.</strong></span> 
     </span>
     <span class='ocr_line' id='line_1_16' title="bbox 291 1015 1600 1072; baseline 0 -14"><span class='ocrx_word' id='word_1_118' title='bbox 291 1017 434 1058; x_wconf 87' lang='lat' dir='ltr'><strong>Comm.</strong></span> <span class='ocrx_word' id='word_1_119' title='bbox 466 1018 496 1068; x_wconf 89' lang='lat'><strong>1,</strong></span> <span class='ocrx_word' id='word_1_120' title='bbox 524 1030 562 1071; x_wconf 92' lang='lat' dir='ltr'><strong>p.</strong></span> <span class='ocrx_word' id='word_1_121' title='bbox 583 1017 632 1067; x_wconf 88' lang='lat' dir='ltr'><strong>V,</strong></span> <span class='ocrx_word' id='word_1_122' title='bbox 675 1019 797 1068; x_wconf 80' lang='lat' dir='ltr'><strong>omnia</strong></span> <span class='ocrx_word' id='word_1_123' title='bbox 826 1015 944 1060; x_wconf 80' lang='lat' dir='ltr'><strong>Taciti</strong></span> <span class='ocrx_word' id='word_1_124' title='bbox 972 1030 1089 1072; x_wconf 85' lang='lat' dir='ltr'><strong>opera</strong></span> <span class='ocrx_word' id='word_1_125' title='bbox 1118 1020 1326 1069; x_wconf 81' lang='lat' dir='ltr'><strong>continens,</strong></span> <span class='ocrx_word' id='word_1_126' title='bbox 1362 1018 1535 1059; x_wconf 89' lang='lat' dir='ltr'><strong>Basileae</strong></span> <span class='ocrx_word' id='word_1_127' title='bbox 1562 1020 1600 1058; x_wconf 90' lang='lat' dir='ltr'><strong>in</strong></span> 
     </span>
     <span class='ocr_line' id='line_1_17' title="bbox 291 1069 1599 1127; baseline 0 -14"><span class='ocrx_word' id='word_1_128' title='bbox 291 1074 440 1113; x_wconf 88' lang='lat' dir='ltr'><strong>officina</strong></span> <span class='ocrx_word' id='word_1_129' title='bbox 467 1074 700 1114; x_wconf 88' lang='lat' dir='ltr'><strong>Frobeniana</strong></span> <span class='ocrx_word' id='word_1_130' title='bbox 728 1086 761 1113; x_wconf 89' lang='lat' dir='ltr'><strong>a.</strong></span> <span class='ocrx_word' id='word_1_131' title='bbox 784 1069 895 1113; x_wconf 86' lang='lat'><strong>1533</strong></span> <span class='ocrx_word' id='word_1_132' title='bbox 923 1074 1031 1113; x_wconf 82' lang='lat' dir='ltr'><strong>form.</strong></span> <span class='ocrx_word' id='word_1_133' title='bbox 1061 1087 1158 1114; x_wconf 85' lang='lat' dir='ltr'><strong>max.</strong></span> <span class='ocrx_word' id='word_1_134' title='bbox 1189 1076 1381 1127; x_wconf 89' lang='lat' dir='ltr'><strong>impressa.</strong></span> <span class='ocrx_word' id='word_1_135' title='bbox 1430 1074 1599 1126; x_wconf 81' lang='lat' dir='ltr'><strong>Longum</strong></span> 
     </span>
     <span class='ocr_line' id='line_1_18' title="bbox 290 1129 1596 1183; baseline 0 -14"><span class='ocrx_word' id='word_1_136' title='bbox 290 1129 462 1173; x_wconf 87' lang='lat' dir='ltr'><strong>editionis</strong></span> <span class='ocrx_word' id='word_1_137' title='bbox 490 1129 631 1170; x_wconf 87' lang='lat' dir='ltr'><strong>titulum</strong></span> <span class='ocrx_word' id='word_1_138' title='bbox 659 1129 796 1173; x_wconf 88' lang='lat' dir='ltr'><strong>Walth.</strong></span> <span class='ocrx_word' id='word_1_139' title='bbox 819 1136 858 1169; x_wconf 89' lang='lat' dir='ltr'><strong>et</strong></span> <span class='ocrx_word' id='word_1_140' title='bbox 884 1130 979 1183; x_wconf 84' lang='lat' dir='ltr'><strong>Rup.</strong></span> <span class='ocrx_word' id='word_1_141' title='bbox 1009 1130 1033 1170; x_wconf 89' lang='lat' dir='ltr'><strong>l.</strong></span> <span class='ocrx_word' id='word_1_142' title='bbox 1055 1130 1078 1170; x_wconf 94' lang='lat' dir='ltr'><strong>l.</strong></span> <span class='ocrx_word' id='word_1_143' title='bbox 1111 1131 1300 1171; x_wconf 88' lang='lat' dir='ltr'><strong>dederunt.</strong></span> <span class='ocrx_word' id='word_1_144' title='bbox 1359 1130 1465 1171; x_wconf 86' lang='lat' dir='ltr'><strong>Initio</strong></span> <span class='ocrx_word' id='word_1_145' title='bbox 1495 1143 1596 1183; x_wconf 94' lang='lat' dir='ltr'><strong>ope-</strong></span> 
     </span>
     <span class='ocr_line' id='line_1_19' title="bbox 289 1186 1633 1228; baseline 0 -2"><span class='ocrx_word' id='word_1_146' title='bbox 289 1187 340 1226; x_wconf 85' lang='lat' dir='ltr'><strong>ris</strong></span> <span class='ocrx_word' id='word_1_147' title='bbox 369 1186 562 1227; x_wconf 85' lang='lat' dir='ltr'><strong>thesaurus</strong></span> <span class='ocrx_word' id='word_1_148' title='bbox 591 1192 713 1226; x_wconf 85' lang='lat' dir='ltr'><strong>exstat</strong></span> <span class='ocrx_word' id='word_1_149' title='bbox 741 1188 1054 1228; x_wconf 79' lang='lat' dir='ltr'><strong>constructionum</strong></span> <span class='ocrx_word' id='word_1_150' title='bbox 1084 1193 1121 1226; x_wconf 89' lang='lat' dir='ltr'><strong>et</strong></span> <span class='ocrx_word' id='word_1_151' title='bbox 1148 1187 1375 1227; x_wconf 88' lang='lat' dir='ltr'><strong>locutionum</strong></span> <span class='ocrx_word' id='word_1_152' title='bbox 1405 1193 1443 1226; x_wconf 85' lang='lat' dir='ltr'><strong>et</strong></span> <span class='ocrx_word' id='word_1_153' title='bbox 1461 1199 1597 1227; x_wconf 88' lang='lat' dir='ltr'><strong>vocum</strong></span> <span class='ocrx_word' id='word_1_154' title='bbox 1624 1195 1633 1207; x_wconf 86' lang='lat'><strong><em>‘</em></strong></span> 
     </span>
     <span class='ocr_line' id='line_1_20' title="bbox 288 1242 1596 1295; baseline 0 -13"><span class='ocrx_word' id='word_1_155' title='bbox 288 1242 417 1282; x_wconf 83' lang='lat' dir='ltr'><strong>Tacito</strong></span> <span class='ocrx_word' id='word_1_156' title='bbox 445 1242 677 1292; x_wconf 87' lang='lat' dir='ltr'><strong>solemnium,</strong></span> <span class='ocrx_word' id='word_1_157' title='bbox 709 1243 830 1282; x_wconf 87' lang='lat' dir='ltr'><strong>citatis</strong></span> <span class='ocrx_word' id='word_1_158' title='bbox 857 1244 968 1282; x_wconf 87' lang='lat' dir='ltr'><strong>etiam</strong></span> <span class='ocrx_word' id='word_1_159' title='bbox 994 1254 1044 1282; x_wconf 82' lang='lat' dir='ltr'><strong>ex</strong></span> <span class='ocrx_word' id='word_1_160' title='bbox 1062 1243 1167 1283; x_wconf 89' lang='lat' dir='ltr'><strong>Livio</strong></span> <span class='ocrx_word' id='word_1_161' title='bbox 1186 1243 1401 1295; x_wconf 85' lang='lat' dir='ltr'><strong>plerumque</strong></span> <span class='ocrx_word' id='word_1_162' title='bbox 1420 1244 1596 1282; x_wconf 88' lang='lat' dir='ltr'><strong>testimo-</strong></span> 
     </span>
     <span class='ocr_line' id='line_1_21' title="bbox 291 1297 1599 1351; baseline 0 -14"><span class='ocrx_word' id='word_1_163' title='bbox 291 1300 381 1347; x_wconf 87' lang='lat' dir='ltr'><strong>niis;</strong></span> <span class='ocrx_word' id='word_1_164' title='bbox 420 1298 580 1350; x_wconf 84' lang='lat' dir='ltr'><strong>denique</strong></span> <span class='ocrx_word' id='word_1_165' title='bbox 607 1298 744 1338; x_wconf 84' lang='lat' dir='ltr'><strong>Alciati</strong></span> <span class='ocrx_word' id='word_1_166' title='bbox 772 1304 810 1337; x_wconf 89' lang='lat' dir='ltr'><strong>et</strong></span> <span class='ocrx_word' id='word_1_167' title='bbox 835 1297 1009 1343; x_wconf 80' lang='lat' dir='ltr'><strong>Beroaldi</strong></span> <span class='ocrx_word' id='word_1_168' title='bbox 1043 1305 1156 1339; x_wconf 89' lang='lat' dir='ltr'><strong>notae</strong></span> <span class='ocrx_word' id='word_1_169' title='bbox 1193 1305 1230 1338; x_wconf 90' lang='lat' dir='ltr'><strong>et</strong></span> <span class='ocrx_word' id='word_1_170' title='bbox 1267 1299 1521 1351; x_wconf 82' lang='lat' dir='ltr'><strong>praefationes</strong></span> <span class='ocrx_word' id='word_1_171' title='bbox 1550 1311 1599 1337; x_wconf 87' lang='lat' dir='ltr'><strong>ex</strong></span> 
     </span>
     <span class='ocr_line' id='line_1_22' title="bbox 290 1350 1597 1406; baseline 0.002 -14"><span class='ocrx_word' id='word_1_172' title='bbox 290 1354 349 1392; x_wconf 88' lang='lat' dir='ltr'><strong>ed.</strong></span> <span class='ocrx_word' id='word_1_173' title='bbox 369 1353 454 1392; x_wconf 88' lang='lat' dir='ltr'><strong>Alc.</strong></span> <span class='ocrx_word' id='word_1_174' title='bbox 484 1366 517 1393; x_wconf 93' lang='lat' dir='ltr'><strong>a.</strong></span> <span class='ocrx_word' id='word_1_175' title='bbox 541 1350 652 1392; x_wconf 86' lang='lat'>1519</span> <span class='ocrx_word' id='word_1_176' title='bbox 679 1354 876 1405; x_wconf 83' lang='lat' dir='ltr'><strong>adJ&#39;unctae</strong></span> <span class='ocrx_word' id='word_1_177' title='bbox 904 1360 997 1393; x_wconf 85' lang='lat' dir='ltr'><strong>sunt.</strong></span> <span class='ocrx_word' id='word_1_178' title='bbox 1068 1354 1194 1394; x_wconf 87' lang='lat' dir='ltr'><strong>Insunt</strong></span> <span class='ocrx_word' id='word_1_179' title='bbox 1228 1354 1275 1394; x_wconf 93' lang='lat' dir='ltr'><strong>ad</strong></span> <span class='ocrx_word' id='word_1_180' title='bbox 1310 1354 1597 1406; x_wconf 83' lang='lat' dir='ltr'><strong>unumquodque</strong></span> 
     </span>
     <span class='ocr_line' id='line_1_23' title="bbox 291 1409 1601 1462; baseline 0 -13"><span class='ocrx_word' id='word_1_181' title='bbox 291 1409 409 1449; x_wconf 86' lang='lat' dir='ltr'><strong>Taciti</strong></span> <span class='ocrx_word' id='word_1_182' title='bbox 437 1412 614 1462; x_wconf 85' lang='lat' dir='ltr'><strong>scriptum</strong></span> <span class='ocrx_word' id='word_1_183' title='bbox 643 1411 907 1460; x_wconf 83' lang='lat' dir='ltr'><strong>castigationes</strong></span> <span class='ocrx_word' id='word_1_184' title='bbox 936 1412 1052 1450; x_wconf 79' lang='lat' dir='ltr'><strong>textui</strong></span> <span class='ocrx_word' id='word_1_185' title='bbox 1079 1412 1320 1462; x_wconf 86' lang='lat' dir='ltr'><strong>praemissae.</strong></span> <span class='ocrx_word' id='word_1_186' title='bbox 1369 1409 1514 1451; x_wconf 86' lang='lat' dir='ltr'><strong>Collata</strong></span> <span class='ocrx_word' id='word_1_187' title='bbox 1542 1416 1601 1449; x_wconf 88' lang='lat' dir='ltr'><strong>est</strong></span> 
     </span>
     <span class='ocr_line' id='line_1_24' title="bbox 290 1465 1599 1517; baseline 0.001 -14"><span class='ocrx_word' id='word_1_188' title='bbox 290 1465 349 1504; x_wconf 90' lang='lat' dir='ltr'><strong>ed.</strong></span> <span class='ocrx_word' id='word_1_189' title='bbox 371 1465 419 1504; x_wconf 90' lang='lat' dir='ltr'><strong>ab</strong></span> <span class='ocrx_word' id='word_1_190' title='bbox 438 1465 564 1515; x_wconf 90' lang='lat' dir='ltr'><strong>Ern.‚</strong></span> <span class='ocrx_word' id='word_1_191' title='bbox 593 1465 784 1515; x_wconf 64' lang='lat' dir='ltr'><strong>walth„</strong></span> <span class='ocrx_word' id='word_1_192' title='bbox 814 1465 902 1509; x_wconf 67' lang='lat' dir='ltr'><strong>Pas</strong></span> <span class='ocrx_word' id='word_1_193' title='bbox 913 1477 968 1515; x_wconf 90' lang='lat' dir='ltr'><strong>s.,</strong></span> <span class='ocrx_word' id='word_1_194' title='bbox 996 1472 1189 1517; x_wconf 85' lang='lat' dir='ltr'><strong>postremo</strong></span> <span class='ocrx_word' id='word_1_195' title='bbox 1217 1468 1496 1505; x_wconf 82' lang='lat' dir='ltr'><strong>accuratissime</strong></span> <span class='ocrx_word' id='word_1_196' title='bbox 1515 1477 1599 1504; x_wconf 87' lang='lat' dir='ltr'><strong>cnm</strong></span> 
     </span>
     <span class='ocr_line' id='line_1_25' title="bbox 291 1519 1598 1575; baseline 0 -14"><span class='ocrx_word' id='word_1_197' title='bbox 291 1520 396 1563; x_wconf 88' lang='lat' dir='ltr'><strong>Pass.</strong></span> <span class='ocrx_word' id='word_1_198' title='bbox 418 1521 478 1562; x_wconf 87' lang='lat' dir='ltr'><strong>ed.</strong></span> <span class='ocrx_word' id='word_1_199' title='bbox 500 1521 547 1561; x_wconf 89' lang='lat' dir='ltr'><strong>ab</strong></span> <span class='ocrx_word' id='word_1_200' title='bbox 567 1520 840 1564; x_wconf 59' lang='lat' dir='ltr'><strong>Hessio.&gt;—</strong></span> <span class='ocrx_word' id='word_1_201' title='bbox 866 1519 1023 1572; x_wconf 90' lang='lat' dir='ltr'><strong>Eadem,</strong></span> <span class='ocrx_word' id='word_1_202' title='bbox 1054 1521 1123 1562; x_wconf 89' lang='lat' dir='ltr'><strong>sed</strong></span> <span class='ocrx_word' id='word_1_203' title='bbox 1151 1523 1270 1562; x_wconf 84' lang='lat' dir='ltr'><strong>minus</strong></span> <span class='ocrx_word' id='word_1_204' title='bbox 1298 1520 1453 1575; x_wconf 85' lang='lat' dir='ltr'><strong>pulchra</strong></span> <span class='ocrx_word' id='word_1_205' title='bbox 1481 1521 1598 1562; x_wconf 83' lang='lat' dir='ltr'><strong>forma</strong></span> 
     </span>
     <span class='ocr_line' id='line_1_26' title="bbox 292 1574 1598 1630; baseline 0.001 -14"><span class='ocrx_word' id='word_1_206' title='bbox 292 1577 405 1617; x_wconf 90' lang='lat' dir='ltr'><strong>editio</strong></span> <span class='ocrx_word' id='word_1_207' title='bbox 434 1589 467 1619; x_wconf 84' lang='lat' dir='ltr'><strong>a.</strong></span> <span class='ocrx_word' id='word_1_208' title='bbox 501 1574 612 1617; x_wconf 87' lang='lat'>1544</span> <span class='ocrx_word' id='word_1_209' title='bbox 640 1578 796 1630; x_wconf 88' lang='lat' dir='ltr'><strong>repetita</strong></span> <span class='ocrx_word' id='word_1_210' title='bbox 832 1584 903 1626; x_wconf 90' lang='lat' dir='ltr'><strong>est,</strong></span> <span class='ocrx_word' id='word_1_211' title='bbox 945 1589 1041 1630; x_wconf 88' lang='lat' dir='ltr'><strong>quae</strong></span> <span class='ocrx_word' id='word_1_212' title='bbox 1078 1578 1187 1618; x_wconf 76' lang='lat' dir='ltr'><strong>mihi¹</strong></span> <span class='ocrx_word' id='word_1_213' title='bbox 1223 1578 1412 1630; x_wconf 89' lang='lat' dir='ltr'><strong>quidem</strong></span> <span class='ocrx_word' id='word_1_214' title='bbox 1448 1584 1598 1630; x_wconf 82' lang='lat' dir='ltr'><strong>praesto</strong></span> 
     </span>
     <span class='ocr_line' id='line_1_27' title="bbox 289 1633 367 1674; baseline 0.013 -2"><span class='ocrx_word' id='word_1_215' title='bbox 289 1633 367 1674; x_wconf 83' lang='lat' dir='ltr'><strong>fuit.</strong></span> 
     </span>
    </p>

    <p class='ocr_par' dir='ltr' id='par_1_5' title="bbox 122 1684 1600 2357">
     <span class='ocr_line' id='line_1_28' title="bbox 208 1684 1596 1741; baseline 0.003 -16"><span class='ocrx_word' id='word_1_216' title='bbox 208 1684 283 1734; x_wconf 80' lang='lat'><strong>20)</strong></span> <span class='ocrx_word' id='word_1_217' title='bbox 312 1692 398 1730; x_wconf 79' lang='lat' dir='ltr'><strong>Edd.</strong></span> <span class='ocrx_word' id='word_1_218' title='bbox 428 1690 547 1739; x_wconf 73' lang='lat' dir='ltr'><strong>LIpsii</strong></span> <span class='ocrx_word' id='word_1_219' title='bbox 577 1688 729 1740; x_wconf 63' lang='lat' dir='ltr'><strong>stips-J,</strong></span> <span class='ocrx_word' id='word_1_220' title='bbox 760 1689 807 1727; x_wconf 90' lang='lat' dir='ltr'><strong>de</strong></span> <span class='ocrx_word' id='word_1_221' title='bbox 836 1688 968 1740; x_wconf 90' lang='lat' dir='ltr'><strong>quibus</strong></span> <span class='ocrx_word' id='word_1_222' title='bbox 998 1689 1046 1728; x_wconf 85' lang='lat' dir='ltr'><strong>cf.</strong></span> <span class='ocrx_word' id='word_1_223' title='bbox 1077 1689 1166 1729; x_wconf 83' lang='lat' dir='ltr'><strong>Ern.</strong></span> <span class='ocrx_word' id='word_1_224' title='bbox 1189 1701 1248 1741; x_wconf 86' lang='lat' dir='ltr'><strong>ap.</strong></span> <span class='ocrx_word' id='word_1_225' title='bbox 1270 1689 1342 1728; x_wconf 90' lang='lat' dir='ltr'><strong>Ob.</strong></span> <span class='ocrx_word' id='word_1_226' title='bbox 1372 1701 1410 1741; x_wconf 88' lang='lat' dir='ltr'><strong>p.</strong></span> <span class='ocrx_word' id='word_1_227' title='bbox 1430 1689 1596 1738; x_wconf 88' lang='lat' dir='ltr'>XLVIII,</span> 
     </span>
     <span class='ocr_line' id='line_1_29' title="bbox 122 1742 1600 1798; baseline 0.003 -17"><span class='ocrx_word' id='word_1_228' title='bbox 122 1754 182 1795; x_wconf 90' lang='lat' dir='ltr'><strong>ap.</strong></span> <span class='ocrx_word' id='word_1_229' title='bbox 212 1742 280 1783; x_wconf 88' lang='lat' dir='ltr'><strong>Bk.</strong></span> <span class='ocrx_word' id='word_1_230' title='bbox 311 1756 348 1798; x_wconf 87' lang='lat' dir='ltr'><strong>p.</strong></span> <span class='ocrx_word' id='word_1_231' title='bbox 369 1744 508 1795; x_wconf 89' lang='lat' dir='ltr'>XXXI,</span> <span class='ocrx_word' id='word_1_232' title='bbox 557 1743 696 1785; x_wconf 79' lang='lat' dir='ltr'><strong>Walth.</strong></span> <span class='ocrx_word' id='word_1_233' title='bbox 725 1756 763 1797; x_wconf 89' lang='lat' dir='ltr'><strong>p.</strong></span> <span class='ocrx_word' id='word_1_234' title='bbox 791 1743 1081 1796; x_wconf 85' lang='lat' dir='ltr'>xxlx-xxx,</span> <span class='ocrx_word' id='word_1_235' title='bbox 1128 1745 1224 1798; x_wconf 90' lang='lat' dir='ltr'><strong>Rup.</strong></span> <span class='ocrx_word' id='word_1_236' title='bbox 1254 1757 1291 1798; x_wconf 89' lang='lat' dir='ltr'><strong>p.</strong></span> <span class='ocrx_word' id='word_1_237' title='bbox 1314 1743 1448 1796; x_wconf 89' lang='lat' dir='ltr'>CXVI,</span> <span class='ocrx_word' id='word_1_238' title='bbox 1477 1742 1534 1785; x_wconf 83' lang='lat'><strong>20</strong></span> <span class='ocrx_word' id='word_1_239' title='bbox 1562 1751 1600 1786; x_wconf 89' lang='lat' dir='ltr'><strong>et</strong></span> 
     </span>
     <span class='ocr_line' id='line_1_30' title="bbox 124 1798 1598 1854; baseline 0.002 -16"><span class='ocrx_word' id='word_1_240' title='bbox 124 1798 290 1839; x_wconf 84' lang='lat' dir='ltr'>CXVIII.</span> <span class='ocrx_word' id='word_1_241' title='bbox 349 1801 384 1841; x_wconf 90' lang='lat' dir='ltr'>A</span> <span class='ocrx_word' id='word_1_242' title='bbox 412 1813 487 1852; x_wconf 86' lang='lat' dir='ltr'><strong>quo</strong></span> <span class='ocrx_word' id='word_1_243' title='bbox 517 1801 647 1841; x_wconf 87' lang='lat' dir='ltr'><strong>decies</strong></span> <span class='ocrx_word' id='word_1_244' title='bbox 665 1801 784 1840; x_wconf 86' lang='lat' dir='ltr'><strong>Taciti</strong></span> <span class='ocrx_word' id='word_1_245' title='bbox 812 1812 928 1853; x_wconf 88' lang='lat' dir='ltr'><strong>opera</strong></span> <span class='ocrx_word' id='word_1_246' title='bbox 957 1802 1054 1840; x_wconf 86' lang='lat' dir='ltr'><strong>edita</strong></span> <span class='ocrx_word' id='word_1_247' title='bbox 1083 1808 1179 1851; x_wconf 90' lang='lat' dir='ltr'><strong>sunt,</strong></span> <span class='ocrx_word' id='word_1_248' title='bbox 1199 1804 1356 1853; x_wconf 87' lang='lat' dir='ltr'><strong>primum</strong></span> <span class='ocrx_word' id='word_1_249' title='bbox 1373 1802 1598 1854; x_wconf 83' lang='lat' dir='ltr'><strong>Antverpiae</strong></span> 
     </span>
     <span class='ocr_line' id='line_1_31' title="bbox 123 1853 1599 1909; baseline 0.003 -16"><span class='ocrx_word' id='word_1_250' title='bbox 123 1856 160 1893; x_wconf 94' lang='lat' dir='ltr'><strong>in</strong></span> <span class='ocrx_word' id='word_1_251' title='bbox 189 1854 288 1895; x_wconf 85' lang='lat' dir='ltr'><strong>offic.</strong></span> <span class='ocrx_word' id='word_1_252' title='bbox 318 1855 433 1897; x_wconf 87' lang='lat' dir='ltr'><strong>Plant.</strong></span> <span class='ocrx_word' id='word_1_253' title='bbox 464 1868 499 1896; x_wconf 90' lang='lat' dir='ltr'><strong>a.</strong></span> <span class='ocrx_word' id='word_1_254' title='bbox 531 1853 656 1906; x_wconf 84' lang='grc'>1574,</span> <span class='ocrx_word' id='word_1_255' title='bbox 692 1853 748 1906; x_wconf 81' lang='grc'><strong>8.,</strong></span> <span class='ocrx_word' id='word_1_256' title='bbox 785 1858 986 1897; x_wconf 89' lang='lat' dir='ltr'><strong>monitione</strong></span> <span class='ocrx_word' id='word_1_257' title='bbox 1026 1857 1074 1896; x_wconf 91' lang='lat' dir='ltr'><strong>ad</strong></span> <span class='ocrx_word' id='word_1_258' title='bbox 1106 1857 1289 1897; x_wconf 87' lang='lat' dir='ltr'><strong>lectorem</strong></span> <span class='ocrx_word' id='word_1_259' title='bbox 1322 1859 1528 1909; x_wconf 87' lang='lat' dir='ltr'><strong>praemissa</strong></span> <span class='ocrx_word' id='word_1_260' title='bbox 1561 1864 1599 1897; x_wconf 88' lang='lat' dir='ltr'><strong>et</strong></span> 
     </span>
     <span class='ocr_line' id='line_1_32' title="bbox 122 1910 1597 1964; baseline 0.002 -15"><span class='ocrx_word' id='word_1_261' title='bbox 122 1910 253 1950; x_wconf 84' lang='lat' dir='ltr'><strong>adfixis</strong></span> <span class='ocrx_word' id='word_1_262' title='bbox 281 1914 397 1951; x_wconf 88' lang='lat' dir='ltr'><strong>textui</strong></span> <span class='ocrx_word' id='word_1_263' title='bbox 424 1914 536 1962; x_wconf 89' lang='lat' dir='ltr'><strong>notis,</strong></span> <span class='ocrx_word' id='word_1_264' title='bbox 568 1912 700 1964; x_wconf 86' lang='lat' dir='ltr'><strong>quibus</strong></span> <span class='ocrx_word' id='word_1_265' title='bbox 727 1912 927 1952; x_wconf 87' lang='lat' dir='ltr'><strong>lectionum</strong></span> <span class='ocrx_word' id='word_1_266' title='bbox 946 1914 1106 1951; x_wconf 86' lang='lat' dir='ltr'><strong>varietas</strong></span> <span class='ocrx_word' id='word_1_267' title='bbox 1125 1919 1164 1951; x_wconf 90' lang='lat' dir='ltr'><strong>et</strong></span> <span class='ocrx_word' id='word_1_268' title='bbox 1183 1913 1478 1952; x_wconf 86' lang='lat' dir='ltr'><strong>emendationum</strong></span> <span class='ocrx_word' id='word_1_269' title='bbox 1505 1915 1597 1952; x_wconf 88' lang='lat' dir='ltr'><strong>ratio</strong></span> 
     </span>
     <span class='ocr_line' id='line_1_33' title="bbox 123 1964 1594 2020; baseline 0.002 -15"><span class='ocrx_word' id='word_1_270' title='bbox 123 1965 342 2018; x_wconf 82' lang='lat' dir='ltr'><strong>explicatur,</strong></span> <span class='ocrx_word' id='word_1_271' title='bbox 378 1964 605 2020; x_wconf 87' lang='lat' dir='ltr'><strong>postremum</strong></span> <span class='ocrx_word' id='word_1_272' title='bbox 641 1967 728 2008; x_wconf 91' lang='lat' dir='ltr'><strong>ibid.</strong></span> <span class='ocrx_word' id='word_1_273' title='bbox 759 1980 793 2007; x_wconf 89' lang='lat' dir='ltr'><strong>a.</strong></span> <span class='ocrx_word' id='word_1_274' title='bbox 825 1964 949 2017; x_wconf 86' lang='grc'>1607,</span> <span class='ocrx_word' id='word_1_275' title='bbox 985 1968 1067 2017; x_wconf 86' lang='lat' dir='ltr'><strong>fol.,</strong></span> <span class='ocrx_word' id='word_1_276' title='bbox 1102 1970 1200 2007; x_wconf 90' lang='lat' dir='ltr'><strong>notis</strong></span> <span class='ocrx_word' id='word_1_277' title='bbox 1235 1969 1350 2007; x_wconf 84' lang='lat' dir='ltr'><strong>textui</strong></span> <span class='ocrx_word' id='word_1_278' title='bbox 1379 1968 1594 2018; x_wconf 87' lang='lat' dir='ltr'><strong>subjunctis.</strong></span> 
     </span>
     <span class='ocr_line' id='line_1_34' title="bbox 123 2021 1596 2075; baseline 0.001 -15"><span class='ocrx_word' id='word_1_279' title='bbox 123 2021 281 2062; x_wconf 83' lang='lat' dir='ltr'><strong>Titulum</strong></span> <span class='ocrx_word' id='word_1_280' title='bbox 307 2023 446 2063; x_wconf 88' lang='lat' dir='ltr'><strong>Walth.</strong></span> <span class='ocrx_word' id='word_1_281' title='bbox 478 2029 516 2062; x_wconf 92' lang='lat' dir='ltr'><strong>et</strong></span> <span class='ocrx_word' id='word_1_282' title='bbox 543 2024 638 2075; x_wconf 91' lang='lat' dir='ltr'><strong>Rup.</strong></span> <span class='ocrx_word' id='word_1_283' title='bbox 668 2024 853 2062; x_wconf 85' lang='lat' dir='ltr'><strong>exhibent.</strong></span> <span class='ocrx_word' id='word_1_284' title='bbox 918 2023 1158 2062; x_wconf 82' lang='lat' dir='ltr'><strong>Contulerunt</strong></span> <span class='ocrx_word' id='word_1_285' title='bbox 1185 2023 1270 2062; x_wconf 87' lang='lat' dir='ltr'><strong>edd.</strong></span> <span class='ocrx_word' id='word_1_286' title='bbox 1300 2023 1415 2075; x_wconf 87' lang='lat' dir='ltr'><strong>Lipsii</strong></span> <span class='ocrx_word' id='word_1_287' title='bbox 1443 2023 1596 2063; x_wconf 85' lang='lat' dir='ltr'><strong>Erne-</strong></span> 
     </span>
     <span class='ocr_line' id='line_1_35' title="bbox 124 2078 1594 2131; baseline 0.001 -14"><span class='ocrx_word' id='word_1_288' title='bbox 124 2078 262 2129; x_wconf 84' lang='lat' dir='ltr'><strong>stius,</strong></span> <span class='ocrx_word' id='word_1_289' title='bbox 292 2078 439 2129; x_wconf 88' lang='lat' dir='ltr'><strong>Pass.,</strong></span> <span class='ocrx_word' id='word_1_290' title='bbox 469 2079 658 2130; x_wconf 81' lang='lat' dir='ltr'><strong>Walth.,&#39;</strong></span> <span class='ocrx_word' id='word_1_291' title='bbox 687 2079 792 2130; x_wconf 88' lang='lat' dir='ltr'><strong>alii,</strong></span> <span class='ocrx_word' id='word_1_292' title='bbox 822 2079 935 2120; x_wconf 91' lang='lat' dir='ltr'><strong>modo</strong></span> <span class='ocrx_word' id='word_1_293' title='bbox 955 2079 1217 2131; x_wconf 85' lang='lat' dir='ltr'><strong>negligentius,</strong></span> <span class='ocrx_word' id='word_1_294' title='bbox 1238 2079 1351 2119; x_wconf 91' lang='lat' dir='ltr'><strong>modo</strong></span> <span class='ocrx_word' id='word_1_295' title='bbox 1373 2079 1594 2131; x_wconf 78' lang='lat' dir='ltr'><strong>diligentius.</strong></span> 
     </span>
     <span class='ocr_line' id='line_1_36' title="bbox 124 2133 1597 2188; baseline 0 -13"><span class='ocrx_word' id='word_1_296' title='bbox 124 2133 295 2187; x_wconf 79' lang='lat' dir='ltr'><strong>Quinque</strong></span> <span class='ocrx_word' id='word_1_297' title='bbox 323 2136 434 2175; x_wconf 88' lang='lat' dir='ltr'><strong>mihi</strong></span> <span class='ocrx_word' id='word_1_298' title='bbox 463 2136 644 2188; x_wconf 88' lang='lat' dir='ltr'><strong>quidem</strong></span> <span class='ocrx_word' id='word_1_299' title='bbox 673 2136 720 2175; x_wconf 89' lang='lat' dir='ltr'><strong>ad</strong></span> <span class='ocrx_word' id='word_1_300' title='bbox 746 2147 876 2175; x_wconf 85' lang='lat' dir='ltr'><strong>manns</strong></span> <span class='ocrx_word' id='word_1_301' title='bbox 903 2135 1009 2175; x_wconf 86' lang='lat' dir='ltr'><strong>fuere</strong></span> <span class='ocrx_word' id='word_1_302' title='bbox 1038 2136 1121 2175; x_wconf 91' lang='lat' dir='ltr'><strong>edd.</strong></span> <span class='ocrx_word' id='word_1_303' title='bbox 1145 2135 1262 2187; x_wconf 69' lang='lat' dir='ltr'><strong>Lips„</strong></span> <span class='ocrx_word' id='word_1_304' title='bbox 1293 2142 1331 2174; x_wconf 84' lang='lat' dir='ltr'><strong>et</strong></span> <span class='ocrx_word' id='word_1_305' title='bbox 1348 2141 1497 2188; x_wconf 88' lang='lat' dir='ltr'><strong>praeter</strong></span> <span class='ocrx_word' id='word_1_306' title='bbox 1514 2136 1597 2175; x_wconf 90' lang='lat' dir='ltr'><strong>illas</strong></span> 
     </span>
     <span class='ocr_line' id='line_1_37' title="bbox 122 2187 1598 2243; baseline 0.001 -14"><span class='ocrx_word' id='word_1_307' title='bbox 122 2187 272 2240; x_wconf 80' lang='lat' dir='ltr'><strong>quidem</strong></span> <span class='ocrx_word' id='word_1_308' title='bbox 300 2202 410 2243; x_wconf 89' lang='lat' dir='ltr'><strong>supra</strong></span> <span class='ocrx_word' id='word_1_309' title='bbox 438 2191 603 2231; x_wconf 88' lang='lat' dir='ltr'><strong>laudatas</strong></span> <span class='ocrx_word' id='word_1_310' title='bbox 627 2203 710 2240; x_wconf 90' lang='lat' dir='ltr'><strong>eae,</strong></span> <span class='ocrx_word' id='word_1_311' title='bbox 731 2203 827 2243; x_wconf 88' lang='lat' dir='ltr'><strong>quae</strong></span> <span class='ocrx_word' id='word_1_312' title='bbox 845 2191 956 2230; x_wconf 85' lang='lat' dir='ltr'><strong>Antv.</strong></span> <span class='ocrx_word' id='word_1_313' title='bbox 978 2203 1037 2243; x_wconf 92' lang='lat' dir='ltr'><strong>ap.</strong></span> <span class='ocrx_word' id='word_1_314' title='bbox 1059 2190 1192 2231; x_wconf 85' lang='lat' dir='ltr'><strong>Christ.</strong></span> <span class='ocrx_word' id='word_1_315' title='bbox 1213 2191 1413 2230; x_wconf 88' lang='lat' dir='ltr'><strong>Plantinum</strong></span> <span class='ocrx_word' id='word_1_316' title='bbox 1432 2204 1466 2230; x_wconf 87' lang='lat' dir='ltr'><strong>a.</strong></span> <span class='ocrx_word' id='word_1_317' title='bbox 1486 2188 1598 2231; x_wconf 83' lang='lat'>1585</span> 
     </span>
     <span class='ocr_line' id='line_1_38' title="bbox 122 2243 1596 2300; baseline 0.002 -16"><span class='ocrx_word' id='word_1_318' title='bbox 122 2243 204 2295; x_wconf 72' lang='lat' dir='ltr'><strong>fol„</strong></span> <span class='ocrx_word' id='word_1_319' title='bbox 245 2257 279 2285; x_wconf 87' lang='lat' dir='ltr'><strong>a.</strong></span> <span class='ocrx_word' id='word_1_320' title='bbox 312 2243 424 2287; x_wconf 83' lang='lat'>1598</span> <span class='ocrx_word' id='word_1_321' title='bbox 466 2247 584 2300; x_wconf 83' lang='lat' dir='ltr'><strong>Lugd.</strong></span> <span class='ocrx_word' id='word_1_322' title='bbox 620 2247 701 2288; x_wconf 91' lang='lat' dir='ltr'><strong>Bat.</strong></span> <span class='ocrx_word' id='word_1_323' title='bbox 739 2260 788 2286; x_wconf 87' lang='lat' dir='ltr'><strong>ex</strong></span> <span class='ocrx_word' id='word_1_324' title='bbox 823 2247 885 2287; x_wconf 81' lang='lat' dir='ltr'><strong>off.</strong></span> <span class='ocrx_word' id='word_1_325' title='bbox 924 2247 1041 2287; x_wconf 89' lang='lat' dir='ltr'><strong>Plant.</strong></span> <span class='ocrx_word' id='word_1_326' title='bbox 1079 2260 1138 2300; x_wconf 83' lang='lat' dir='ltr'><strong>ap.</strong></span> <span class='ocrx_word' id='word_1_327' title='bbox 1176 2247 1306 2287; x_wconf 87' lang='lat' dir='ltr'><strong>Franc.</strong></span> <span class='ocrx_word' id='word_1_328' title='bbox 1344 2247 1501 2300; x_wconf 87' lang='lat' dir='ltr'><strong>Raphel.</strong></span> <span class='ocrx_word' id='word_1_329' title='bbox 1540 2243 1596 2298; x_wconf 86' lang='grc'><strong>8.,</strong></span> 
     </span>
     <span class='ocr_line' id='line_1_39' title="bbox 123 2301 1474 2357; baseline 0.001 -16"><span class='ocrx_word' id='word_1_330' title='bbox 123 2301 234 2342; x_wconf 82' lang='lat' dir='ltr'><strong>Antv.</strong></span> <span class='ocrx_word' id='word_1_331' title='bbox 265 2315 315 2342; x_wconf 84' lang='lat' dir='ltr'><strong>ex</strong></span> <span class='ocrx_word' id='word_1_332' title='bbox 340 2303 424 2344; x_wconf 89' lang='lat' dir='ltr'><strong>ead.</strong></span> <span class='ocrx_word' id='word_1_333' title='bbox 455 2304 518 2344; x_wconf 81' lang='lat' dir='ltr'><strong>off.</strong></span> <span class='ocrx_word' id='word_1_334' title='bbox 547 2315 608 2357; x_wconf 84' lang='lat' dir='ltr'><strong>ap.</strong></span> <span class='ocrx_word' id='word_1_335' title='bbox 637 2303 746 2344; x_wconf 87' lang='lat' dir='ltr'><strong>Joan.</strong></span> <span class='ocrx_word' id='word_1_336' title='bbox 776 2303 910 2344; x_wconf 75' lang='lat' dir='ltr'><strong>Moret.</strong></span> <span class='ocrx_word' id='word_1_337' title='bbox 940 2305 978 2343; x_wconf 91' lang='lat' dir='ltr'><strong>in</strong></span> <span class='ocrx_word' id='word_1_338' title='bbox 1005 2303 1126 2343; x_wconf 89' lang='lat' dir='ltr'><strong>lucem</strong></span> <span class='ocrx_word' id='word_1_339' title='bbox 1155 2303 1378 2355; x_wconf 88' lang='lat' dir='ltr'><strong>prodierunt.</strong></span> <span class='ocrx_word' id='word_1_340' title='bbox 1413 2301 1474 2352; x_wconf 78' lang='lat'><strong>²⁸)</strong></span> 
     </span>
    </p>
   </div>
   <div class='ocr_carea' id='block_1_4' title="bbox 122 2493 1597 2582">
    <p class='ocr_par' dir='ltr' id='par_1_6' title="bbox 122 2493 1597 2582">
     <span class='ocr_line' id='line_1_40' title="bbox 122 2493 1597 2533; baseline 0.003 -8"><span class='ocrx_word' id='word_1_341' title='bbox 122 2503 166 2525; x_wconf 86' lang='lat' dir='ltr'><strong>ex</strong></span> <span class='ocrx_word' id='word_1_342' title='bbox 193 2495 423 2528; x_wconf 74' lang='lat' dir='ltr'><strong>Kammereri</strong></span> <span class='ocrx_word' id='word_1_343' title='bbox 451 2496 568 2528; x_wconf 81' lang='lat' dir='ltr'><strong>verbis</strong></span> <span class='ocrx_word' id='word_1_344' title='bbox 599 2497 634 2528; x_wconf 90' lang='lat' dir='ltr'><strong>in</strong></span> <span class='ocrx_word' id='word_1_345' title='bbox 662 2497 929 2528; x_wconf 82' lang='lat' dir='ltr'><strong>Dissertatione:</strong></span> <span class='ocrx_word' id='word_1_346' title='bbox 967 2496 1021 2527; x_wconf 84' lang='lat' dir='ltr'><strong>De</strong></span> <span class='ocrx_word' id='word_1_347' title='bbox 1044 2493 1158 2527; x_wconf 69' lang='lat' dir='ltr'><strong>indole</strong></span> <span class='ocrx_word' id='word_1_348' title='bbox 1186 2504 1229 2527; x_wconf 81' lang='lat' dir='ltr'><strong>ac</strong></span> <span class='ocrx_word' id='word_1_349' title='bbox 1257 2495 1365 2533; x_wconf 72' lang='lat' dir='ltr'><strong>pretio</strong></span> <span class='ocrx_word' id='word_1_350' title='bbox 1389 2497 1490 2529; x_wconf 77' lang='lat' dir='ltr'><strong>codd.</strong></span> <span class='ocrx_word' id='word_1_351' title='bbox 1514 2497 1597 2529; x_wconf 75' lang='lat' dir='ltr'><strong>Mss.</strong></span> 
     </span>
     <span class='ocr_line' id='line_1_41' title="bbox 124 2539 1386 2582; baseline 0.002 -11"><span class='ocrx_word' id='word_1_352' title='bbox 124 2540 203 2572; x_wconf 78' lang='lat' dir='ltr'><strong>Tac.</strong></span> <span class='ocrx_word' id='word_1_353' title='bbox 216 2540 328 2580; x_wconf 59' lang='lat' dir='ltr'><strong>Afric.</strong></span> <span class='ocrx_word' id='word_1_354' title='bbox 345 2546 380 2574; x_wconf 80' lang='lat' dir='ltr'><strong>e!</strong></span> <span class='ocrx_word' id='word_1_355' title='bbox 401 2541 481 2574; x_wconf 78' lang='lat' dir='ltr'><strong>edd.</strong></span> <span class='ocrx_word' id='word_1_356' title='bbox 504 2546 584 2574; x_wconf 76' lang='lat' dir='ltr'><strong>vett.</strong></span> <span class='ocrx_word' id='word_1_357' title='bbox 607 2542 656 2574; x_wconf 80' lang='lat' dir='ltr'><strong>ud</strong></span> <span class='ocrx_word' id='word_1_358' title='bbox 677 2539 835 2580; x_wconf 64' lang='lat' dir='ltr'><strong>Liri-rium</strong></span> <span class='ocrx_word' id='word_1_359' title='bbox 857 2550 974 2582; x_wconf 80' lang='lat' dir='ltr'><strong>usque,</strong></span> <span class='ocrx_word' id='word_1_360' title='bbox 1004 2540 1139 2574; x_wconf 77' lang='lat' dir='ltr'><strong>Vratisl.</strong></span> <span class='ocrx_word' id='word_1_361' title='bbox 1153 2543 1386 2582; x_wconf 46' lang='lat'><strong>184257156.</strong></span> 
     </span>
    </p>
   </div>
   <div class='ocr_carea' id='block_1_5' title="bbox 123 2627 1599 2809">
    <p class='ocr_par' dir='ltr' id='par_1_7' title="bbox 123 2627 1599 2809">
     <span class='ocr_line' id='line_1_42' title="bbox 216 2627 1599 2676; baseline 0.002 -14"><span class='ocrx_word' id='word_1_362' title='bbox 216 2627 268 2668; x_wconf 78' lang='lat'><strong>²⁸)</strong></span> <span class='ocrx_word' id='word_1_363' title='bbox 290 2631 380 2665; x_wconf 79' lang='lat' dir='ltr'><strong>Eud.</strong></span> <span class='ocrx_word' id='word_1_364' title='bbox 402 2633 510 2676; x_wconf 85' lang='lat' dir='ltr'><strong>Junt.,</strong></span> <span class='ocrx_word' id='word_1_365' title='bbox 535 2633 630 2674; x_wconf 86' lang='lat' dir='ltr'><strong>Ald.,</strong></span> <span class='ocrx_word' id='word_1_366' title='bbox 654 2632 798 2675; x_wconf 70' lang='lat' dir='ltr'><strong>Gryph„</strong></span> <span class='ocrx_word' id='word_1_367' title='bbox 823 2633 1010 2675; x_wconf 68' lang='lat' dir='ltr'><strong>Viteberg„</strong></span> <span class='ocrx_word' id='word_1_368' title='bbox 1034 2632 1257 2675; x_wconf 70' lang='lat' dir='ltr'><strong>Melanchth„</strong></span> <span class='ocrx_word' id='word_1_369' title='bbox 1282 2633 1441 2675; x_wconf 64' lang='lat' dir='ltr'><strong>Argent„</strong></span> <span class='ocrx_word' id='word_1_370' title='bbox 1466 2635 1509 2665; x_wconf 77' lang='lat' dir='ltr'><strong>al.</strong></span> <span class='ocrx_word' id='word_1_371' title='bbox 1534 2635 1599 2666; x_wconf 85' lang='lat' dir='ltr'><strong>hoc</strong></span> 
     </span>
     <span class='ocr_line' id='line_1_43' title="bbox 123 2673 1598 2722; baseline 0.003 -16"><span class='ocrx_word' id='word_1_372' title='bbox 123 2674 198 2706; x_wconf 92' lang='lat' dir='ltr'><strong>loco</strong></span> <span class='ocrx_word' id='word_1_373' title='bbox 222 2680 411 2720; x_wconf 68' lang='lat' dir='ltr'><strong>praetereo,</strong></span> <span class='ocrx_word' id='word_1_374' title='bbox 436 2679 527 2717; x_wconf 83' lang='lat' dir='ltr'><strong>qnod</strong></span> <span class='ocrx_word' id='word_1_375' title='bbox 551 2679 700 2721; x_wconf 87' lang='lat' dir='ltr'><strong>omni-no,</strong></span> <span class='ocrx_word' id='word_1_376' title='bbox 724 2687 811 2718; x_wconf 81' lang='lat' dir='ltr'><strong>quae</strong></span> <span class='ocrx_word' id='word_1_377' title='bbox 835 2681 912 2719; x_wconf 83' lang='lat' dir='ltr'><strong>post</strong></span> <span class='ocrx_word' id='word_1_378' title='bbox 935 2687 965 2709; x_wconf 81' lang='lat' dir='ltr'><strong>a.</strong></span> <span class='ocrx_word' id='word_1_379' title='bbox 980 2673 1070 2709; x_wconf 84' lang='lat'>1519</span> <span class='ocrx_word' id='word_1_380' title='bbox 1094 2678 1127 2709; x_wconf 89' lang='lat' dir='ltr'><strong>in</strong></span> <span class='ocrx_word' id='word_1_381' title='bbox 1151 2678 1260 2710; x_wconf 83' lang='lat' dir='ltr'><strong>lucem</strong></span> <span class='ocrx_word' id='word_1_382' title='bbox 1286 2679 1496 2722; x_wconf 76' lang='lat' dir='ltr'><strong>prodierunt,</strong></span> <span class='ocrx_word' id='word_1_383' title='bbox 1521 2680 1598 2712; x_wconf 87' lang='lat' dir='ltr'><strong>edd.</strong></span> 
     </span>
     <span class='ocr_line' id='line_1_44' title="bbox 123 2723 1598 2767; baseline 0.004 -16"><span class='ocrx_word' id='word_1_384' title='bbox 123 2723 207 2761; x_wconf 81' lang='lat' dir='ltr'><strong>vett.</strong></span> <span class='ocrx_word' id='word_1_385' title='bbox 230 2724 460 2756; x_wconf 73' lang='lat' dir='ltr'><strong>tantummodo</strong></span> <span class='ocrx_word' id='word_1_386' title='bbox 484 2724 527 2756; x_wconf 75' lang='lat' dir='ltr'><strong>ad</strong></span> <span class='ocrx_word' id='word_1_387' title='bbox 552 2725 682 2765; x_wconf 85' lang='lat' dir='ltr'><strong>priores</strong></span> <span class='ocrx_word' id='word_1_388' title='bbox 707 2725 797 2767; x_wconf 64' lang='lat' dir='ltr'><strong>edd„</strong></span> <span class='ocrx_word' id='word_1_389' title='bbox 816 2724 976 2764; x_wconf 86' lang='lat' dir='ltr'><strong>imprimis</strong></span> <span class='ocrx_word' id='word_1_390' title='bbox 993 2724 1116 2764; x_wconf 65' lang='lat' dir='ltr'><strong>Rhen„</strong></span> <span class='ocrx_word' id='word_1_391' title='bbox 1142 2724 1330 2763; x_wconf 76' lang='lat' dir='ltr'><strong>impressae</strong></span> <span class='ocrx_word' id='word_1_392' title='bbox 1354 2729 1447 2767; x_wconf 84' lang='lat' dir='ltr'><strong>sunt,</strong></span> <span class='ocrx_word' id='word_1_393' title='bbox 1472 2725 1598 2758; x_wconf 67' lang='lat' dir='ltr'><strong>nullam</strong></span> 
     </span>
     <span class='ocr_line' id='line_1_45' title="bbox 125 2766 1038 2809; baseline 0.004 -12"><span class='ocrx_word' id='word_1_394' title='bbox 125 2766 228 2809; x_wconf 79' lang='lat' dir='ltr'><strong>igitur</strong></span> <span class='ocrx_word' id='word_1_395' title='bbox 251 2766 319 2797; x_wconf 88' lang='lat' dir='ltr'><strong>vim</strong></span> <span class='ocrx_word' id='word_1_396' title='bbox 347 2769 471 2800; x_wconf 74' lang='lat' dir='ltr'><strong>habent.</strong></span> <span class='ocrx_word' id='word_1_397' title='bbox 496 2771 537 2801; x_wconf 79' lang='lat' dir='ltr'><strong>ad</strong></span> <span class='ocrx_word' id='word_1_398' title='bbox 563 2774 755 2802; x_wconf 76' lang='lat' dir='ltr'><strong>contextum</strong></span> <span class='ocrx_word' id='word_1_399' title='bbox 781 2770 1038 2802; x_wconf 80' lang='lat' dir='ltr'><strong>restituendum.</strong></span> 
     </span>
    </p>
   </div>
  </div>
 </body>
</html>
