1730 2851
809 65 876 115 28

211 224 272 265 Ad
300 230 505 265 extremum
534 224 699 266 nonnulli
733 225 816 266 libri
855 226 977 266 afferri
1015 231 1181 278 possunt,
1223 228 1285 278 qui
1324 227 1385 266 liic
1401 235 1406 238 “
1421 226 1497 266 illic
1533 226 1580 266 ab

99 279 303 329 editoribus
345 280 555 321 laudantur:
602 281 753 321 codex
788 283 1023 331 Rhenani,
1062 281 1160 322 cod.
1198 282 1261 321 vel
1298 282 1376 322 lib.
1412 284 1578 335 script.

98 335 160 376 vel
195 335 272 376 lib.
309 342 396 376 vet.
436 336 606 389 Lipsii‚
655 337 769 378 libri
810 341 921 378 vett.
959 337 1220 386 Pichenae,
1265 337 1343 378 lib.
1385 344 1478 378 vet.
1523 338 1578 378 Is.

98 391 286 442 vossii,
317 392 384 435 ed.
414 398 504 432 vet.
525 392 633 432 Abr.
656 391 901 443 G-ronovii‚
932 394 1032 434 cod.
1064 399 1154 433 vet.
1187 391 1449 444 Groslotii,
1481 394 1578 434 cod.

99 448 282 500 quidam
309 447 553 499 magoni,
584 448 684 488 cod.
713 449 963 498 Bredovii‚
994 449 1094 489 cod.
1115 448 1489 499 Mirandulanus‚
1519 451 1582 502 qui

99 502 229 556 quales
257 503 392 544 fuerint
426 503 609 544 fuerintne
644 516 791 554 revera,
833 506 965 557 partim
996 506 1076 556 ,iam
1111 504 1266 545 vidimus
1302 504 1372 551 (ci.
1403 505 1450 544 de
1479 505 1579 546 Pich.

99 572 135 611 p.
155 556 186 598 2
213 560 309 610 lin),
337 561 471 613 partim
500 560 607 611 infra,
638 565 810 613 quantum
840 561 921 600 lieri
948 567 1086 614 potest,
1118 561 1287 602 conabor
1312 560 1514 614 explicare.

608 805 1075 885 cffm.211.
1134 800 1138 803 ‘

474 940 559 1003 DE
606 940 860 1003 οηιωΝΕ
911 940 1210 1005 cumcun.

212 1064 247 1104 A
267 1076 341 1117 quo
361 1064 456 1114 viro,
486 1063 584 1104 unde
613 1076 765 1116 quoque
793 1066 962 1116 tempore
991 1064 1137 1103 libellus
1166 1064 1213 1104 de
1234 1062 1429 1104 Germania
1459 1066 1580 1105 denuo

99 1123 136 1160 in
163 1120 286 1160 lucem
315 1119 453 1160 relatus
482 1121 543 1169 sit,
573 1131 648 1171 quo
677 1120 782 1159 fonte
810 1122 927 1159 nostri
957 1122 1040 1171 ejus
1067 1119 1158 1159 uss.
1184 1122 1353 1171 nitantur,
1385 1123 1506 1161 omnia
1536 1134 1580 1160 ea

98 1188 218 1229 usque
255 1176 303 1216 ad
339 1176 580 1216 novissimum
617 1181 762 1229 tempus
798 1177 925 1227 ignota
962 1181 1077 1216 erant.
1142 1177 1252 1216 Anno
1290 1173 1398 1217 1841
1436 1177 1579 1217 demum

99 1233 264 1272 editione
292 1232 435 1272 Trossii
461 1244 499 1284 p.
520 1232 592 1271 VII
622 1232 749 1271 edocti
777 1244 904 1271 sumus
932 1234 970 1272 in
999 1231 1134 1271 codice
1161 1232 1281 1272 Periz.
1312 1233 1403 1272 duas
1432 1239 1580 1272 exstare

99 1293 222 1338 notas,
259 1289 296 1327 in
332 1287 466 1340 quibus
502 1299 579 1327 non
619 1287 740 1327 solum
777 1288 873 1338 ejus,
917 1289 980 1340 qui
1015 1287 1177 1328 libellum
1214 1289 1407 1340 invenerit,
1443 1301 1581 1329 nomen

98 1345 285 1394 afferatur,
316 1343 387 1383 sed
414 1345 525 1383 etiam
554 1356 629 1395 quo
657 1349 828 1396 tempore
856 1344 894 1383 id
913 1345 1050 1384 factum
1078 1346 1127 1384 sit
1144 1349 1294 1397 quoque
1321 1345 1425 1394 loco,
1455 1357 1579 1398 appa-

99 1406 192 1440 reat.
251 1400 294 1440 ln
326 1401 455 1453 priore
490 1405 580 1439 nota
616 1399 724 1439 alteri
756 1401 863 1451 primi
888 1399 970 1445 folii
997 1399 1170 1453 pagellae
1189 1402 1375 1453 >inscripta
1401 1401 1580 1441 Jovianus

97 1455 301 1506 Fontanus,
329 1455 547 1508 praeclarus
571 1454 634 1495 ille
652 1455 838 1496 literarum
857 1455 1016 1506 adjutor,
1045 1457 1123 1510 qui,
1151 1462 1191 1495 ut
1207 1456 1358 1497 Massm.
1378 1457 1437 1496 l.l.
1459 1458 1579 1506 affert,

98 1524 133 1551 a.
162 1507 275 1551 1426
302 1515 422 1561 natus,
452 1513 608 1563 primum
636 1513 860 1551 secretarius
887 1510 955 1550 fuit
981 1511 1203 1551 Ferdinandi
1230 1512 1260 1561 1,
1289 1513 1392 1564 regis
1419 1512 1579 1565 Neapo-

97 1568 307 1617 litanorum,
346 1572 480 1619 postea
515 1566 653 1606 ibidem
681 1572 902 1620 procurator
934 1569 1043 1618 regni
1076 1567 1197 1607 factus
1235 1574 1293 1607 est
1329 1574 1368 1608 et
1402 1580 1437 1608 a.
1470 1565 1580 1608 1503

99 1624 278 1672 decessit,
298 1635 341 1663 se
360 1625 481 1675 ipsum
498 1621 571 1661 lios
597 1620 748 1662 libellos
773 1634 903 1673 nuper
931 1622 1163 1661 adinventas
1191 1627 1231 1662 et
1255 1624 1298 1661 in
1324 1622 1450 1662 lucem
1477 1623 1581 1663 rela-

99 1683 160 1718 tos
187 1678 239 1718 ab
267 1676 381 1717 Eme
405 1675 619 1727 Asculano,
647 1689 876 1732 quanquam
903 1677 1000 1717 satis
1025 1677 1233 1718 mendosos
1259 1690 1295 1718 a.
1316 1675 1431 1719 1460
1447 1678 1579 1727 Martio

99 1747 231 1775 mense
244 1735 509 1787 exscripsisse
537 1733 635 1774 dicit.
693 1734 976 1775 Accuratiorem
1005 1736 1116 1775 etiam
1142 1736 1305 1776 nuntium
1333 1735 1447 1776 altera
1472 1736 1579 1777 Pon-

99 1793 174 1832 tani
201 1797 290 1832 nota
318 1792 524 1843 accipimus
541 1790 600 1830 xad
629 1791 768 1830 initium
794 1790 912 1831 libelli
939 1791 1154 1830 Suetoniani
1180 1792 1204 1830 i.
1225 1804 1275 1831 m.
1296 1791 1440 1832 codicis
1465 1794 1579 1833 minio

99 1848 300 1901 adscripta,
329 1858 402 1899 qua
430 1846 530 1887 illum
558 1845 669 1886 Enoc
695 1846 924 1887 Asculanum
951 1846 1181 1900 temporibus
1208 1847 1356 1888 Nicolai
1382 1847 1431 1897 V,
1474 1848 1578 1901 pon—

99 1904 209 1943 tilicis
244 1904 406 1953 maximi,
442 1904 480 1942 in
517 1901 672 1942 Galliam
709 1909 748 1942 et
782 1902 867 1942 inde
902 1904 940 1942 in
977 1901 1210 1942 Germaniam
1246 1903 1580 1957 conquirendorum

98 1959 276 2000 librorum
299 1971 413 1999 causa
438 1959 649 2012 profectum
678 1959 749 1998 hos
777 1958 926 1998 libellos
955 1971 1182 2012 quanquam
1211 1959 1417 1998 mendosos
1445 1963 1484 1998 et
1509 1960 1577 1998 im-

94 2018 299 2068 per-sectos
325 2014 437 2067 paulo
465 2011 554 2066 p’ost
581 2013 722 2054 obitum
750 2014 1003 2054 Bai-tholomei
1030 2014 1146 2064 Facii,
1176 2016 1244 2054 viri
1270 2015 1436 2054 Pontano
1463 2015 1578 2055 fami-

100 2072 214 2121 liaris,
244 2072 307 2123 qui
336 2076 376 2109 et
402 2071 484 2122 ipse
513 2070 561 2109 de
588 2071 678 2109 viris
707 2070 906 2110 illustribus
934 2071 1066 2109 aetatis
1093 2081 1185 2109 suae
1208 2070 1326 2110 libros
1346 2082 1578 2123 composue-

100 2129 159 2175 rit,
196 2132 349 2179 propter
383 2126 612 2165 immaturam
647 2132 804 2166 mortem
836 2138 929 2166 vero
966 2126 1037 2166 hos
1074 2126 1241 2166 Suetonii
1274 2126 1422 2166 libellos
1450 2127 1578 2167 videre

100 2195 176 2223 non
199 2185 278 2234 jam
305 2183 480 2235 potuerit,
509 2183 548 2221 in
565 2181 688 2221 lucem
706 2182 878 2221 retulisse
898 2183 1176 2233 cognoscimus.
1219 2181 1330 2230 Quod
1349 2195 1460 2234 quum
1478 2183 1578 2222 Bar—

99 2238 190 2278 thol.
227 2238 377 2287 Facias,
421 2243 462 2277 ut
505 2236 725 2278 Tiraboschi
767 2239 805 2277 in
847 2239 970 2278 Storia
1007 2237 1106 2277 della
1141 2237 1354 2277 letter-atara
1389 2238 1577 2285 (Fiorenz.

102 2290 246 2344 18⁰9),
275 2294 341 2345 VI,
370 2290 456 2334 734
483 2293 604 2343 affert,
641 2305 674 2333 a.
707 2290 818 2333 1457
848 2299 1013 2334 mortuus
1042 2295 1102 2343 sit,
1139 2293 1335 2336 Pantanus,
1355 2300 1477 2333 autem
1500 2296 1578 2345 jam

100 2363 135 2390 a.
157 2346 271 2390 1460
289 2350 462 2389 codicem
491 2350 746 2402 exscripserit,
775 2351 868 2389 intra
895 2360 1013 2388 annos
1033 2345 1144 2388 1457
1164 2355 1203 2389 et
1222 2345 1334 2388 1460
1351 2348 1436 2388 illos
1460 2349 1577 2389 libel-

100 2406 159 2446 los
187 2407 360 2446 inventos
389 2417 475 2444 esse
503 2407 742 2458 perspicuum
785 2411 844 2445 est
876 2416 999 2457 neque
1027 2406 1198 2446 assentiri
1224 2404 1462 2446 Massmanno
1497 2405 1522 2445 l.
1552 2405 1576 2447 1.

99 2474 268 2515 possum,
297 2462 363 2514 qui
388 2466 474 2501 ante
501 2466 659 2501 mortem
687 2461 834 2501 Nicolai
861 2460 910 2510 V,
953 2461 1064 2511 igitur
1091 2467 1177 2501 ante
1205 2473 1239 2501 a.
1271 2456 1384 2499 1455
1411 2473 1481 2501 eos
1507 2474 1577 2502 re-

100 2523 230 2570 pertos
267 2529 357 2557 esse
391 2523 592 2570 propterea
629 2517 793 2567 conjicit,
840 2515 940 2569 quod
975 2517 1013 2556 in
1045 2522 1133 2557 nota
1167 2517 1322 2558 Pontani
1357 2517 1494 2570 scripta
1530 2517 1578 2557 ad

101 2572 227 2614 Germ.
247 2568 318 2622 46,
337 2568 367 2611 4
394 2572 530 2612 verba:
559 2573 616 2612 di.
646 2570 780 2612 Nicol.
808 2572 992 2623 leguntur,
1022 2573 1195 2624 quoniam
1223 2573 1319 2612 haec
1346 2572 1461 2612 verba
1489 2573 1578 2613 nihil

100 2627 199 2669 aliud
225 2628 449 2679 significant,
478 2629 549 2668 nisi
572 2629 653 2678 Jam
681 2633 862 2669 mortuum
890 2627 1006 2667 fuisse
1025 2627 1234 2679 Nicolaum,
1264 2639 1375 2680 quum
1392 2628 1578 2669 Fontanus

100 2684 377 2725 adnotationem
412 2683 511 2724 illam
547 2683 788 2724 adscriberet.
854 2683 994 2724 Pariter
1027 2683 1227 2725 Ritschlius
1263 2685 1299 2724 in
1333 2683 1427 2726 Mus.
1457 2684 1575 2725 Rhen.
