1730 2851
811 92 879 141 21>

223 249 296 304 172
324 251 490 293 Venetas
519 241 625 302 (V.),
665 251 715 291 do
747 263 822 304 quo
858 251 975 292 Bach.
1011 257 1036 291 t.
1068 250 1098 301 1,
1134 263 1169 304 p.
1200 251 1257 299 X,
1294 250 1392 294 Gerl.
1422 264 1459 304 p.
1499 250 1607 300 vus

42 320 46 321 ⁷
107 309 259 349 Hassm.
290 307 314 346 l.
345 306 369 346 l.
410 307 579 347 dixerunt
611 314 651 347 et
688 309 770 360 ipse
806 320 881 359 ego
918 320 968 347 ex
1000 307 1063 347 illo
1092 307 1260 347 Passovii
1287 308 1461 361 exemplo
1489 315 1581 352 (ox.)

37 395 45 401 ,
108 363 282 406 nonnulla
310 363 464 413 addam,
494 363 655 404 chartac.
668 392 680 413 ‚
710 362 775 403 fol.
813 363 1043 416 (exemplum
1070 363 1189 403 forma
1216 361 1247 402 4
1273 365 1393 415 maja,
1434 369 1583 416 praeter

110 419 344 459 Germaniam
373 435 403 457 s.
432 435 486 458 ex.
514 417 573 458 17
600 430 713 471 pagg.
745 425 992 472 occupantem
1020 425 1059 459 et
1086 431 1108 458 a
1136 419 1201 459 fol.
1232 415 1317 459 186
1347 421 1581 471 incipientem

111 475 183 515 alia
211 476 322 515 etiam
351 487 376 515 o
403 487 467 515 era
502 476 716 530 continens,
752 481 924 514 exaratus
947 475 1144 515 Bononiae
1172 487 1206 514 a.
1238 471 1351 515 1464
1375 474 1490 522 (falso
1519 486 1579 528 ap.

109 530 232 571 Gen-L:
262 543 295 570 a.
316 528 338 570 l
454 537 492 570 et
521 543 580 584 ap.
615 530 683 570 Bk.
704 537 730 570 t.
747 531 777 580 l,
806 544 843 584 p.
873 527 976 571 818:
1005 543 1039 571 a.
1062 527 1206 581 1453),
1235 531 1336 583 quod
1363 537 1494 584 quater
1511 530 1580 571 sub

106 588 233 639 primis
261 587 404 628 codicis
434 587 533 627 foliis
551 587 707 627 Aeneae
734 587 976 627 Piceolomini
1004 600 1035 626 s.
1056 587 1111 627 Pii
1128 587 1163 631 11
1190 599 1319 640 papae,
1340 600 1450 627 mann
1477 589 1580 627 seri-

107 648 208 696 ptum
238 649 360 682 exstat
389 649 427 682 et
454 642 579 682 ultima
598 643 758 695 exempli
785 644 920 695 pagina
940 648 1103 682 notatmn
1121 643 1180 682 his
1197 643 1324 682 verbis
1342 649 1420 682 est:
1450 642 1581 695 Opus

107 698 381 746 absolutum
417 699 625 753 Bononie
660 710 781 738 anno
817 697 1315 739 Dfiiucccmxun
1356 698 1413 738 ad
1447 700 1579 751 peti-

107 756 285 795 tionem
318 755 387 795 Jo.
418 754 715 810 Marcanove.
774 756 975 808 Inscriptus
1000 754 1097 795 liber
1122 760 1200 794 est:
1248 752 1425 793 Cornelii
1453 753 1582 793 Tacita·

107 809 228 849 Liber
257 818 307 855 (s.
328 817 400 855 ex.)
429 810 482 849 de
508 810 586 849 situ
614 814 654 849 et
678 811 833 861 ortyine
850 808 1146 860 Germanorum,
1181 816 1416 863 comparatus
1443 816 1579 857 autem,

106 872 302 919 postquam
328 866 465 906 Bach.
496 878 546 905 ex
573 866 730 916 eodem,
768 866 868 919 quod
895 878 993 907 nnnc
1020 866 1192 918 equidem
1226 867 1264 905 in
1298 865 1466 906 manibus
1505 866 1579 906 ha-

107 922 203 971 beo,
253 922 428 974 exemplo
472 922 534 960 hic
576 921 652 961 illic
687 922 887 961 lectionem
927 923 1110 971 enotavit,
1159 921 1272 961 multo
1307 923 1517 962 accuratius
1558 934 1580 960 a

105 976 309 1026 Massm.,
339 978 445 1028 cujus
475 976 625 1017 collatio
654 989 703 1016 ex
730 982 835 1030 parte
862 989 922 1029 ap.
949 975 1071 1016 Gerl.
1101 981 1234 1016 exstat.
1293 976 1400 1026 Quae
1419 975 1513 1016 falsa
1531 976 1579 1016 ab

106 1033 182 1072 hoc
216 1032 325 1072 allata
360 1038 445 1072 sunt
478 1039 540 1073 aut
567 1035 719 1082 omissa,
764 1033 977 1085 equidem
1011 1046 1070 1072 ex
1104 1032 1325 1073 Passovii
1359 1032 1579 1085 exemplo

105 1090 292 1139 corrigam
320 1094 359 1127 et
385 1089 529 1128 addam.
576 1089 618 1128 In
636 1089 709 1128 fine
736 1088 896 1141 exempli
914 1089 1010 1128 haec
1027 1088 1143 1128 verba
1159 1088 1349 1139 leguntur:
1386 1088 1465 1128 NB.
1497 1088 1578 1128 ln-

106 1145 383 1197 terpunctio
414 1144 569 1184 eadem
600 1151 672 1184 est
699 1156 799 1184 cum
826 1144 1012 1184 codice:
1042 1155 1132 1200 que
1161 1144 1279 1184 infra
1309 1141 1578 1195 signavi'ea

106 1205 214 1239 sunt
242 1212 333 1254 que
363 1205 518 1239 errata
547 1199 746 1239 aderant
772 1201 816 1239 in
845 1200 1031 1249 codice,
1060 1211 1246 1254 queque
1273 1199 1446 1251 reliqui
1475 1212 1578 1239 om·-

105 1256 215 1295 nino
244 1261 291 1295 ut
319 1261 466 1294 erant.
498 1267 589 1309 que
616 1257 661 1294 in
690 1257 896 1306 margine
923 1255 1088 1295 litte-ra
1118 1267 1139 1304 a
1168 1256 1355 1306 signavi
1392 1256 1579 1295 incerta

107 1317 209 1351 sunt
236 1311 488 1350 in‘codice.
531 1310 825 1351 Glossemata
852 1311 941 1350 alia
966 1312 1225 1362 marginum
1253 1323 1304 1350 ea
1338 1316 1447 1350 sunt
1481 1323 1579 1366 que

106 1367 149 1406 in
178 1367 348 1406 codice
376 1368 543 1419 reperi.
602 1366 701 1406 Uno
719 1366 865 1407 verbo
895 1366 1107 1406 codicem
1133 1366 1318 1406 affatim
1337 1368 1577 1420 exscripsi

106 1422 260 1474 quoad
289 1424 463 1470 omnia,
493 1424 710 1475 exceptis
737 1410 1147 1472 breviationibus,
1177 1435 1291 1475 quas
1319 1422 1580 1474 diligenter

107 1478 309 1518 exsolvi.
370 1479 476 1527 Quae
504 1485 623 1518 utrum
646 1481 724 1529 jam
753 1480 791 1518 in
811 1478 895 1518 cod.
915 1478 1012 1518 Ven.
1040 1478 1209 1518 librarius
1235 1478 1396 1531 exempli
1413 1480 1488 1518 mei
1514 1481 1577 1518 in-

109 1536 264 1584 venerit,
294 1546 342 1574 an
369 1536 451 1587 ipse
480 1534 625 1574 demum
656 1536 918 1588 composuerit,
949 1534 1104 1574 dubitari
1121 1541 1255 1586 potest.
1286 1534 1364 1574 Sed
1382 1534 1470 1574 mihi
1487 1536 1576 1587 qui-

108 1591 193 1630 dem
220 1590 309 1629 illud
336 1591 569 1630 verisimilius
597 1591 759 1640 videtur,
797 1592 881 1642 quia
909 1590 1157 1641 diphthongus
1185 1602 1235 1628 ae
1262 1590 1395 1629 eadem
1420 1592 1576 1640 ratione,

107 1658 179 1698 qua
207 1647 245 1685 in
272 1645 398 1685 libello
427 1648 530 1698 ipso,
557 1648 706 1698 'scripta
735 1651 794 1685 est
821 1652 859 1685 et
887 1647 1005 1685 oratio
1034 1645 1156 1685 stilum
1183 1646 1296 1686 medii
1323 1647 1407 1686 aevi
1432 1645 1580 1686 redolet

106 1704 180 1748 (sic
208 1703 318 1740 etiam
347 1714 432 1753 pag.
465 1698 488 1739 l
519 1702 566 1740 ad
593 1702 800 1741 lectionem.
821 1701 985 1750 vicwn'e
1013 1702 1037 1740 i.
1067 1714 1116 1740 m.
1147 1708 1286 1741 exstat:
1334 1714 1361 1756 e
1388 1702 1579 1742 videtur

106 1757 345 1806 abrasus),
376 1763 415 1796 ut
435 1757 620 1809 Venetam
648 1758 723 1798 hoc
751 1757 923 1809 exemplo
952 1758 1230 1798 accuratissime
1258 1757 1483 1810 descriptum
1509 1770 1579 1798 nos

107 1813 247 1853 hahere
276 1819 413 1864 putem.
472 1813 544 1852 Pro
573 1813 690 1852 altera
718 1815 898 1852 sententia
926 1813 964 1852 id
992 1819 1108 1862 esset,
1136 1813 1237 1865 quod
1266 1813 1436 1853 Gerlach.
1466 1814 1514 1853 ad
1543 1827 1575 1853 c.

109 1866 177 1919 15,
206 1881 243 1922 p.
274 1865 332 1908 26
358 1881 448 1922 pro:
478 1867 617 1908 hebent
643 1882 666 1908 e
684 1869 780 1908 Ven.
810 1867 883 1907 luit
907 1869 1026 1916 affert,
1055 1868 1142 1908 dum
1160 1871 1197 1909 in
1216 1868 1407 1922 exemplo:
1435 1868 1580 1908 habent

107 1931 241 1972 exstat,
271 1927 307 1964 ni
322 1925 420 1964 forte
441 1923 554 1974 Gerl.‚
584 1931 624 1964 ut
651 1931 689 1964 et
713 1925 818 1974 alias,
848 1919 978 1963 falsam
1006 1936 1029 1963 e
1046 1923 1270 1964 massmanni
1297 1924 1407 1964 codd.
1435 1924 1576 1964 lectio—

107 1992 192 2020 nem
220 1980 392 2029 attulerit,
421 1980 482 2019 vel
509 1981 571 2020 hic
599 1982 682 2033 ipse
709 1993 844 2021 vocem
872 1978 1017 2018 habent
1041 1980 1103 2019 illo
1133 1979 1355 2032 compendio
1383 1982 1576 2020 notissimo

108 2036 179 2075 sibi
207 2038 401 2076 notaverit.

220 2088 293 2138 18)
322 2093 541 2133 Turicensis
571 2091 665 2140 (T.)‚
706 2091 752 2130 de
782 2104 856 2143 quo
886 2090 934 2130 cf.
955 2091 1044 2131 Ern.
1069 2102 1129 2142 ap.
1144 2090 1215 2130 Ob.
1232 2103 1268 2142 p.
1285 2091 1380 2141 LIX,
1417 2103 1477 2143 ap.
1506 2092 1574 2131 Bk.

108 2159 143 2199 p.
161 2146 352 2196 XXXVII,
368 2147 482 2189 Orell.
499 2147 626 2198 Symb.
647 2152 735 2197 etc„
754 2159 791 2199 p.
813 2143 855 2197 6,
886 2147 1066 2196 chartac„
1087 2146 1195 2186 form.
1216 2148 1316 2197 maj„
1333 2153 1416 2186 ante
1435 2153 1474 2187 et
1492 2154 1579 2200 post

108 2306 195 2334 tatos
221 2312 311 2335 esse.
358 2302 485 2335 Contra
508 2313 540 2335 a.
558 2299 654 2335 1636
679 2306 806 2344 partem
829 2303 1053 2334 bibliothecae
1065 2301 1305 2333 Pirchheimeri
1319 2302 1429 2333 comiti
1443 2302 1578 2334 Amnu.

106 2348 278 2380 venditam
321 2351 355 2380 et
393 2357 413 2380 a
441 2348 529 2380 duee
559 2349 602 2380 de
625 2348 787 2389 Norffllk,
823 2349 880 2388 qui
908 2357 981 2379 eam
1006 2348 1192 2387 acceperit,
1228 2355 1258 2378 a.
1283 2342 1372 2379 1681
1397 2356 1473 2378 eum
1496 2349 1579 2380 bibl.

107 2391 243 2425 Arund.
265 2394 383 2436 regiae
406 2395 562 2426 societati
585 2395 758 2427 literarum
769 2394 992 2426 Londiniensi
1015 2393 1169 2425 traditam
1194 2401 1274 2424 esse
1295 2392 1521 2426 Botermund.
1545 2395 1579 2425 in

107 2439 234 2470 contin.
261 2447 318 2478 op.
332 2440 492 2482 ancha„
516 2443 540 2472 t.
553 2440 615 2482 VI,
639 2450 674 2481 p.
695 2436 765 2472 255
792 2449 822 2472 s.
843 2449 880 2471 v.
903 2437 1143 2471 Pirchhen’mer.
1166 2437 1284 2470 refert.
1344 2438 1430 2471 Uter
1458 2440 1579 2471 horum

108 2490 335 2526 numerorum,
360 2480 451 2518 1663
466 2494 518 2517 -an
543 2480 645 2527 1636,
669 2494 774 2518 verus
799 2486 854 2527 sit,
878 2486 913 2517 in
930 2485 1075 2525 plurium
1098 2483 1327 2515 subsidiorum
1350 2485 1494 2524 penuria
1518 2486 1580 2517 de-

108 2529 247 2561 cernere
271 2538 418 2568 nequeo.
474 2532 515 2562 ld
545 2535 657 2564 autem
689 2536 782 2564 certe
809 2540 902 2563 nunc
924 2531 1070 2572 scimus,
1106 2529 1230 2568 quib'us
1254 2530 1338 2561 locis
1362 2531 1581 2569 quaerendus

108 2573 152 2604 sit
165 2573 231 2612 ⁴hic
248 2574 374 2617 codex3
397 2577 455 2608 ubi
479 2577 509 2608 si
533 2586 601 2609 non
625 2578 830 2619 inveniatur,
854 2577 1001 2608 fortasse
1023 2577 1059 2608 in
1075 2575 1230 2607 manibus
1241 2576 1367 2608 mansit
1376 2576 1510 2619 vossii,
1526 2578 1581 2608 eui

107 2618 301 2651 avunculus
331 2620 539 2662 singularem
567 2623 605 2654 in
636 2632 704 2654 usu
733 2623 825 2655 illius
856 2622 938 2653 bibl.
965 2622 1134 2654 licentiam
1158 2621 1301 2653 dederit.
1339 2622 1411 2654 Sed
1434 2622 1582 2654 fortasse

108 2664 187 2740 aliisf
207 2663 408 2740 permissum
433 2667 508 2709 erit,
532 2672 570 2699 ut
586 2678 638 2710 ea,
663 2677 762 2707 quam
780 2660 984 2710 significavi,
1007 2668 1066 2698 via
1089 2666 1216 2699 certius
1239 2666 1320 2704 quid
1343 2667 1409 2699 hoc
1433 2668 1478 2700 de
1497 2668 1581 2699 libro

108 2718 168 2748 pro
185 2717 265 2741 eran
282 2730 290 2740 .
