1730 2851
584 656 1131 725 mutumne.

120 948 270 1038 Opera
299 984 341 1024 G.
374 984 485 1024 Corn.
517 984 647 1034 Taciti,
686 985 947 1025 historicorum
975 985 1225 1025 Romanorum
1260 985 1371 1024 facile
1400 987 1590 1038 principis,

120 1043 219 1081 omni
247 1047 415 1092 tempore
441 1042 592 1079 maximi
619 1043 811 1080 aestimata
840 1047 923 1080 sunt
950 1053 1159 1093 magnaque
1187 1053 1317 1080 eorum
1348 1047 1424 1080 tum
1452 1042 1499 1080 ad
1527 1042 1592 1081 hi-

119 1098 271 1137 storiam
299 1094 384 1136 tum‘
402 1096 450 1136 ad
476 1096 717 1149 philologiam
746 1098 908 1148 gravitas
937 1103 996 1137 est
1022 1097 1181 1137 indubia.
1228 1098 1319 1137 Sine
1346 1098 1399 1137 ira
1428 1099 1525 1136 enim
1554 1103 1593 1137 et

119 1153 239 1193 studio
268 1164 330 1192 res
357 1153 520 1201 tradens,
557 1165 741 1204 nunquum
777 1154 928 1205 privatis
973 1152 1138 1192 consiliis
1175 1153 1334 1202 ducitur;
1375 1155 1591 1194 acutissimo

119 1211 270 1260 ingenio
300 1209 425 1247 intima
452 1210 561 1247 animi
589 1215 736 1247 secreta
764 1210 1010 1260 perspiciens,
1038 1221 1173 1258 rerum,
1203 1221 1252 1248 ex
1269 1208 1404 1260 quihus
1421 1211 1591 1249 actiones

119 1264 294 1317 pendent,
323 1263 436 1303 veluti
465 1263 553 1313 loci,
583 1265 774 1316 temporiS,
804 1264 930 1305 habita
955 1275 1106 1316 semper
1131 1265 1287 1313 ratione,
1323 1275 1451 1304 mores
1477 1271 1590 1304 natu-

119 1332 272 1372 ramque
299 1320 485 1359 hominum
513 1319 810 1371 praeclarissime
838 1320 1018 1372 explicat3
1057 1320 1217 1372 denique
1251 1330 1492 1372 quascunque
1527 1333 1591 1360 res

119 1376 181 1416 ille
207 1381 342 1425 narrat,
381 1375 538 1414 eundem
576 1388 726 1428 semper
759 1376 924 1415 veritatis
950 1387 1117 1415 amorem
1145 1375 1301 1428 praebet
1325 1381 1480 1428 totaque
1507 1377 1591 1428 ejus

118 1434 156 1471 in
183 1431 432 1471 describendo
458 1432 552 1484 ratio
581 1437 640 1470 est
667 1430 872 1482 singularis.
930 1429 1014 1470 Nec
1040 1431 1160 1471 minus
1185 1430 1291 1471 stilus
1320 1433 1402 1482 ejus
1424 1431 1590 1483 diligen-

117 1489 261 1528 tissimo
299 1486 431 1538 dignus
467 1492 526 1526 est
561 1486 695 1526 studio.
772 1486 956 1540 Tempora
995 1488 1093 1527 enim
1130 1499 1240 1540 quum
1276 1487 1324 1527 ad
1359 1487 1591 1528 formandum

118 1544 239 1586 stilum
267 1544 316 1582 in‘
331 1544 539 1583 universum
568 1555 739 1593 magnam
767 1554 918 1595 semper
944 1545 1019 1583 vim
1046 1542 1219 1593 habeant,
1248 1549 1451 1594 argenteae
1477 1550 1589 1584 aeta-

118 1602 165 1639 tis
193 1611 316 1639 sermo
345 1599 393 1637 ab
421 1611 557 1637 aureae
586 1600 744 1637 maxime
773 1598 905 1638 differt.
946 1598 1070 1649 Leges
1097 1599 1247 1649 linguae
1273 1598 1336 1638 illa
1363 1605 1485 1638 aetate
1513 1613 1588 1639 ne-

117 1651 304 1706 gliginmr
332 1660 370 1693 et
396 1653 589 1703 violantur,
620 1659 683 1692 aut
710 1659 813 1693 certe
840 1653 948 1693 latius
977 1654 1239 1703 extenduntur3
1268 1656 1415 1706 pn‘ores
1443 1655 1589 1695 dicendi

118 1710 271 1762 regulae
298 1721 395 1749 nova
423 1711 565 1749 ratione
593 1707 811 1749 adhibentur
817 1722 829 1759 ;
858 1711 1033 1762 propriae
1061 1710 1244 1749 dictiones
1271 1717 1512 1762 quaeruntur3
1541 1711 1589 1751 ad

118 1765 381 1819 significandas
408 1766 572 1807 rationes
599 1766 897 1818 praepositiones
934 1777 1003 1818 pro
1032 1765 1260 1818 simplicibus
1289 1765 1438 1806 casibus
1465 1768 1588 1806 intro-

118 1821 307 1866 ducuntur.
349 1820 470 1870 Quem
498 1832 588 1860 suae
616 1823 749 1862 aetatis
777 1821 913 1862 cultum
940 1820 1089 1861 Tacitus
1117 1823 1286 1874 excepit3
1304 1820 1384 1862 'sed
1412 1823 1513 1875 quod
1540 1823 1588 1863 ab

117 1878 179 1919 illa
196 1879 371 1928 vanitate,
401 1889 474 1930 qua
493 1879 583 1917 moti
602 1879 806 1930 scriptores
825 1877 1027 1930 expolitam
1053 1877 1240 1918 levitatem
1268 1880 1451 1918 sermonis
1477 1885 1590 1931 atque

118 1935 340 1986 elegantiam
377 1939 651 1983 consectantur,
699 1933 841 1974 alienus
877 1940 937 1973 est
972 1940 1012 1974 et
1046 1935 1215 1974 oratione
1250 1935 1394 1974 animos
1428 1934 1476 1974 ad
1507 1947 1588 1975 rem

117 1993 235 2045 ipsam
253 1995 391 2030 tantum
409 1989 605 2029 advertere
631 1995 669 2029 et
687 2001 825 2043 capere
844 1990 978 2041 studet,
1008 1989 1111 2030 stilus
1139 1990 1221 2041 ejus
1248 1991 1398 2043 propria
1423 1991 1589 2043 insigni·-

117 2052 264 2088 tuaest
288 2047 430 2098 specie.
491 2045 612 2094 Quum
639 2047 751 2097 igitur
779 2048 901 2087 omnia
925 2046 1043 2087 Taciti
1071 2047 1208 2098 scripta
1236 2046 1349 2098 digna
1375 2047 1463 2097 sint,
1491 2059 1587 2100 quae

116 2103 397 2142 accuratissimo
426 2101 546 2141 studio
575 2101 852 2153 amplectamur,
881 2108 956 2141 tum
974 2102 1120 2141 libellus
1139 2102 1187 2141 de
1207 2100 1415 2152 Germania,
1445 2103 1492 2141 de
1510 2113 1584 2153 quo

18 2141 33 2153 ⁰
72 2168 78 2174 “
115 2159 188 2199 hac
217 2158 528 2198 commentatione
555 2159 677 2197 acturi
700 2170 839 2208 sumus,
868 2157 979 2197 etiam
1007 2157 1252 2209 singularibus
1280 2157 1329 2197 de
1349 2158 1470 2197 causis
1497 2156 1585 2197 ani-

117 2227 202 2254 mos
229 2219 379 2253 nostros
408 2220 580 2264 occupat.
646 2213 741 2253 Nam
780 2214 864 2253 dum
900 2215 1140 2265 antiquissimi
1175 2213 1223 2253 de
1252 2213 1445 2253 Germania
1473 2214 1587 2252 nuntii

117 2283 139 2310 a
169 2268 325 2310 Graecis
353 2274 393 2308 et
418 2268 608 2318 Romanis,
639 2269 755 2309 veluti
783 2281 805 2309 a
833 2269 985 2322 Vellejo
1012 2276 1051 2309 et
1077 2269 1200 2309 Dione
1228 2267 1375 2318 Cassio,
1412 2279 1483 2321 per
1510 2280 1586 2309 oc-

117 2327 307 2366 casionem
345 2330 483 2365 tantum
519 2324 627 2364 relati
662 2331 747 2366 sunt
781 2331 822 2365 et
847 2326 919 2366 ‘hic
947 2325 1029 2366 'illic
1065 2327 1184 2378 sparsi
1219 2324 1462 2374 inveniuntur,
1501 2325 1588 2365 dum

116 2381 221 2422 solus
247 2379 367 2421 Julius
395 2379 538 2420 Caesar
563 2382 600 2420 in
629 2382 902 2421 commentariis
928 2381 1100 2421 nonnulla
1128 2379 1175 2418 de
1202 2378 1395 2419 Germanis
1423 2390 1586 2421 accura-

115 2439 190 2477 tius
208 2443 354 2488 narrat,
383 2436 500 2477 Taciti
528 2436 655 2477 libello
674 2437 724 2478 de
742 2437 949 2488 Gennmia,
982 2448 1055 2490 quo
1081 2435 1380 2489 praeclarissime
1407 2438 1586 2489 majorum

59 2509 61 2511 ¹
116 2496 327 2533 nostrorum
353 2498 466 2543 terra,
496 2504 625 2533 mores
650 2499 761 2547 atque
789 2495 948 2534 instituta
967 2492 1225 2534 describuntur
1241 2498 1281 2532 et
1297 2491 1467 2544 singulae
1485 2505 1584 2544 gen-

115 2555 194 2599 tes,
213 2555 398 2601 quatenus
426 2549 605 2600 differant,
641 2557 895 2600 recensentur,
932 2549 1301 2590 haecsubsidiorum
1330 2550 1481 2602 penuria
1509 2561 1585 2588 ex-

114 2605 248 2659 pletur,
287 2610 326 2644 et
359 2606 561 2645 novissimo
597 2612 767 2659 tempore
800 2607 954 2659 pretium
988 2604 1098 2657 hujus
1132 2605 1245 2645 libelli
1273 2605 1394 2645 denuo
1422 2605 1585 2655 agnitum

115 2667 188 2711 est,
217 2672 329 2714 quum
346 2662 394 2701 in
421 2662 770 2714 septentrionalibus
788 2662 963 2715 Europae
990 2661 1207 2714 regionibus
1235 2673 1332 2702 nova
1358 2660 1406 2701 ad
1434 2661 1586 2713 pristina

116 2717 380 2758 Germanorum
418 2718 579 2758 instituta
627 2717 892 2769 cognoscenda
939 2724 1065 2771 parata
1112 2718 1185 2758 sint
1231 2716 1406 2766 subsidia,
1454 2718 1587 2768 quibus
