1730 2851
843 82 907 132 32

135 241 216 282 lieri
243 242 390 293 nequit,
421 252 532 293 quum
567 240 626 298 de·
648 241 781 282 horum
817 242 890 282 fide
925 247 1000 282 tum
1029 240 1176 281 demum
1204 237 1422 294 persuasum
1457 244 1501 283 iis
1531 254 1617 282 esse

133 297 269 351 possit,
298 308 410 349 quum
435 296 595 337 obsides
613 308 690 337 non
708 297 823 338 modo
841 303 1061 350 exegerunt,
1089 297 1157 338 sed
1179 303 1217 338 et
1234 305 1474 352 acceperunt.
1506 298 1618 348 Quod

135 364 260 404 ιιιιιιιιι,
290 353 354 405 qui
372 350 528 392 obsides
546 353 740 405 imperant,
766 355 846 404 jam
873 356 955 407 ipsa
984 353 1157 405 exigendi
1183 354 1334 394 actione
1359 356 1520 396 anirnum
1547 355 1616 394 fir-

134 409 229 449 mius
258 413 297 448 et
322 407 473 449 domum
500 408 609 448 latius
637 420 681 449 se
709 415 839 450 tenere
865 409 1034 454 arbitrari
1048 415 1258 462 nequeant,
1296 408 1472 459 desidero
1502 411 1614 464 equi—

135 464 222 505 dem
248 475 386 504 vocem
421 463 625 518 quandam,
663 477 736 517 qua
775 467 955 518 temporis
995 466 1190 506 diversitas
1225 466 1468 518 exprimatur,
1505 466 1617 506 veluti

134 523 237 570 aun,
270 519 420 560 deinde
447 525 486 560 et
513 522 596 561 siin.
654 520 797 561 Talem<
816 523 1086 563 accuratiorem
1121 521 1372 562 definitionem
1399 523 1616 575 accipimus,

134 577 168 617 si
185 575 303 617 verba
322 574 518 617 codicibus
545 576 696 620 tradita:
734 581 773 617 et
795 577 850 628 in,
879 589 952 618 una
979 577 1086 619 litera
1104 583 1252 628 mutata,
1273 578 1328 618 in:
1357 578 1454 617 exin
1482 591 1617 620 emen-

134 632 277 676 damus.
335 630 393 672 Et
415 633 596 686 particula
624 634 723 674 enim
751 646 836 674 cum
863 646 918 673 ex
947 639 986 674 et
1008 636 1148 687 pariter
1175 638 1214 674 et
1229 633 1325 674 inde
1352 646 1436 675 cum
1465 635 1615 675 exitade

135 691 288 742 saepius
316 701 339 729 a
358 688 516 731 librariis
544 689 836 738 confundunmr;
867 689 916 729 cf.
947 689 1065 731 Hand.
1086 690 1193 731 Turs.
1213 690 1278 740 111,
1299 703 1336 743 p.
1356 686 1445 730 662
1462 696 1501 730 et
1518 687 1617 740 540,

134 757 260 797 neque
286 745 393 785 aliter
420 745 457 785 in
485 747 567 797 ipsa
598 743 794 785 Germania
823 755 857 784 c.
887 741 945 784 46
974 746 1142 785 extortas
1172 752 1210 785 et
1238 746 1389 786 enonas
1417 751 1499 800 orta
1519 752 1615 786 sunt.

133 801 171 842 A
199 800 330 841 Tacito
357 812 451 841 vero
479 811 555 853 pro,
578 799 728 841 exinde
761 811 913 853 semper
951 800 1104 842 brevior
1130 801 1252 842 forma
1280 801 1376 840 exin
1403 807 1616 853 usurpatur3

134 856 184 896 cf.
205 856 324 897 Hand.
353 856 377 895 l.
407 856 432 896 1.
462 868 499 909 p.
518 851 607 896 666
634 861 673 895 et
700 868 784 909 sqq.
815 856 1000 909 exempla,
1029 858 1138 897 sicuti
1166 869 1241 898 non
1268 869 1354 897 raro
1384 858 1495 897 etiam
1522 856 1617 896 dein

135 919 175 953 et
195 912 320 965 proin
347 924 438 966 pro:
469 911 617 952 deinde
645 918 684 952 et
707 912 882 964 proinde
910 912 958 953 ab
987 925 1036 953 eo
1065 913 1208 964 dicitur,
1226 913 1274 953 cf.
1295 913 1393 954 Βῦιι.
1416 913 1490 953 lex.
1512 913 1617 963 Tac„

134 981 172 1021 p.
204 965 300 1009 148.
359 970 421 1010 Ad
448 969 759 1020 significationem
786 969 888 1020 quod
915 971 1056 1018 attinet,
1086 970 1190 1009 secd.
1211 969 1329 1009 Hand.
1359 970 1384 1009 l.
1405 969 1430 1009 l.
1461 971 1618 1021 primum

135 1025 184 1064 de
210 1024 301 1064 loco
329 1030 538 1077 usurpatur,
572 1030 612 1064 ut
639 1025 735 1064 Anu.
766 1023 852 1074 XV,
884 1021 951 1075 12,
983 1031 1021 1064 et
1049 1026 1085 1065 in
1114 1026 1414 1065 enumeratione:
1449 1025 1546 1066 Ann.
1568 1024 1615 1074 11,

137 1077 210 1130 163
239 1080 471 1132 frequentior
496 1092 589 1120 vero
618 1085 679 1119 est
705 1092 795 1120 usus
825 1080 873 1119 de
901 1087 1070 1133 tempore
1099 1087 1138 1120 et
1166 1082 1213 1121 de
1242 1080 1355 1121 rebus
1384 1081 1475 1120 alias
1504 1082 1616 1120 exci-

134 1136 334 1188 pientibus,
362 1142 403 1176 ut
429 1136 540 1185 idem,
568 1135 670 1187 quod
697 1133 856 1185 deinde,
872 1149 968 1189 -quo
991 1138 1119 1188 facto,
1148 1140 1242 1186 tum,
1273 1137 1471 1188 significet,
1502 1149 1617 1188 quare

134 1204 251 1244 saepe
280 1194 317 1231 in
345 1193 554 1232 narratione
582 1203 705 1230 rerum
733 1196 922 1241 gestarum
948 1193 1140 1232 invenitur.
1200 1192 1417 1242 Cujusmodi
1446 1204 1555 1231 exem
1580 1192 1617 1231 la

135 1253 237 1287 sunt:
267 1247 363 1287 Ann.
385 1247 448 1297 111,
468 1243 545 1295 363
575 1243 709 1296 Iv,.4;
738 1246 823 1296 XII,
853 1244 929 1295 22;
957 1247 1061 1297 XIV,
1089 1244 1167 1297 48;
1197 1248 1283 1298 XV,
1315 1245 1382 1297 17,
1411 1245 1469 1287 29
1489 1253 1528 1287 et
1603 1277 1614 1297 ,

133 1304 243 1342 sicuti
270 1304 308 1342 in
336 1304 636 1343 enumeratione:
672 1302 770 1341 Ann.
800 1301 868 1351 XI,
899 1300 938 1341 2.
996 1303 1137 1342 Nostro
1157 1303 1306 1354 quidem
1333 1303 1422 1342 loco
1451 1315 1527 1342 non
1554 1316 1617 1342 res

133 1364 281 1410 gestae,
311 1358 380 1398 sed
407 1370 485 1408 res,
514 1368 611 1410 quae
639 1362 829 1409 gemntur,
858 1369 880 1398 a
909 1357 1040 1398 Tacito
1069 1365 1274 1408 narrantur,
1310 1359 1422 1409 igitur
1448 1370 1510 1398 res
1525 1358 1614 1398 ⁴de-

134 1414 357 1463 scribuntur,
388 1414 457 1454 sed
484 1419 524 1453 ut
552 1413 677 1453 Germ.
708 1425 742 1452 c.
774 1411 826 1453 11
858 1413 1008 1454 dicitur:
1039 1428 1152 1454 mox
1178 1427 1254 1454 rex
1276 1413 1339 1454 vel
1355 1415 1547 1467 princeps
1560 1437 1616 1446 --

134 1469 428 1518 audiuntur,
458 1475 496 1509 et
515 1481 549 1508 c.
573 1465 645 1508 13:
675 1472 787 1508 ante
813 1468 905 1508 Ιιοο
926 1465 1073 1509 ‘domm
1091 1482 1191 1521 pars
1219 1470 1477 1515 videntur,
1506 1483 1618 1509 mox

135 1523 401 1578 reipublicae,
452 1537 566 1577 porro
603 1524 759 1564 ibidem:
809 1528 904 1564 tum
956 1525 1000 1564 in
1046 1525 1136 1577 ipso
1167 1524 1354 1565 ‘concilio
1401 1523 1464 1564 vel
1503 1526 1616 1577 prin-

133 1582 269 1634 cipum
302 1580 451 1634 aliquas
486 1578 551 1620 vel
578 1584 698 1632 pater
740 1583 813 1619 etc.
849 1601 908 1610 —·—
945 1581 1129 1633 juvenem
1174 1584 1374 1627 ornant,
1416 1582 1470 1621 ita
1506 1582 1617 1622 etiam

134 1638 230 1678 exin
258 1639 296 1678 in
314 1637 567 1690 descriptione
583 1648 763 1689 usurpare
781 1635 906 1686 liceat,
935 1642 975 1676 et
1018 1648 1172 1676 raesens
1191 1643 1336 1690 tempus
1357 1636 1487 1688 tribus,
1517 1649 1613 1689 quos

133 1693 248 1743 attuli,
276 1693 391 1733 locis:
429 1693 526 1733 Ann.
557 1691 624 1742 Ν,
652 1690 682 1731 4
689 1705 702 1743 ;
730 1691 816 1742 XV,
844 1689 904 1732 29
932 1698 971 1733 et
1014 1689 1025 1703 '
1056 1722 1068 1743 ‚
1099 1694 1206 1733 sicuti
1233 1694 1468 1746 participium
1495 1705 1614 1746 prae—

133 1751 250 1790 sentis
277 1749 375 1789 Ann.
395 1748 462 1798 XI,
481 1746 511 1788 2
539 1761 624 1789 cum
652 1749 727 1789 hoc
754 1747 932 1789 adverbio
961 1755 1020 1788 est
1049 1751 1297 1800 conjunctum.
1343 1750 1481 1789 Similis
1499 1750 1613 1790 deni-

133 1819 207 1859 que
234 1805 356 1855 locus,
370 1817 461 1858 &quo
490 1806 613 1845 statim
641 1810 729 1857 post
755 1808 943 1858 tanquam
972 1804 1185 1845 adverbium
1213 1807 1376 1858 positum
1404 1812 1474 1855 est,
1506 1818 1540 1845 c.
1555 1802 1613 1846 39

133 1867 272 1902 exstat:
307 1865 496 1913 tanquam
523 1860 620 1899 inde
646 1860 762 1899 initia
785 1861 929 1911 gentis.

246 1916 290 1958 G.
320 1913 374 1956 21
413 1928 528 1970 porro
571 1918 608 1957 in
645 1917 720 1958 fine
754 1918 836 1957 sine
878 1915 952 1957 ulla
986 1918 1165 1957 varietate
1208 1917 1245 1956 in
1286 1916 1456 1958 omnibus
1491 1916 1613 1960 libris:

141 1973 277 2013 Victus
305 1974 407 2012 inter
432 1971 607 2025 hospites
635 1973 770 2013 comis.
807 1973 954 2023 legitur.
1014 1973 1121 2022 Quae
1150 1973 1266 2012 verba
1293 1985 1416 2025 neque
1444 1985 1506 2023 eo,
1537 1986 1612 2025 quo

131 2035 229 2078 sunt,
258 2029 361 2078 loco,
390 2040 477 2077 nec,
506 2029 540 2068 si
567 2033 864 2081 transponantur,
900 2028 1041 2068 bonum
1069 2041 1220 2069 sensum
1247 2028 1444 2081 praebere,
1483 2035 1614 2070 contra

132 2097 221 2136 eos,
259 2087 324 2137 qui
350 2084 476 2124 locum
502 2084 767 2134 defenderunt,
804 2084 961 2125 affirmo.
1040 2084 1291 2134 Quamobrem
1329 2091 1393 2125 aut
1421 2098 1506 2126 cum
1533 2085 1614 2126 aliis

130 2153 200 2194 pro
229 2141 460 2192 glossemate
487 2139 658 2180 habenda
685 2146 748 2179 aut
776 2151 860 2180 cum
888 2140 970 2179 aliis
999 2140 1229 2181 emendanda
1264 2152 1310 2179 ea
1340 2153 1428 2181 esse
1457 2153 1611 2180 censeo.

130 2197 255 2238 Trium
288 2209 381 2238 vero
417 2197 717 2249 coniecturarum
744 2195 913 2249 Sellingii
947 2196 972 2238 1.
1002 2196 1043 2247 1.,
1070 2210 1108 2251 p.
1140 2192 1218 2238 18:
1271 2195 1371 2238 Vict.
1401 2198 1470 2238 int.
1498 2196 1612 2250 hosp.

132 2254 428 2302 communis„
459 2253 601 2293 Trossii
628 2254 665 2292 in
694 2265 857 2302 excurs„
896 2265 934 2305 p.
963 2251 1021 2292 47
1054 2266 1161 2306 sqq.:
1218 2252 1319 2292 Vict.
1355 2255 1426 2293 int.
1455 2265 1614 2293 omnes

126 2309 324 2363 pariter
357 2309 657 2353 communis„
692 2314 730 2348 et
761 2308 1003 2349 Lachmanni:
1059 2307 1284 2349 Vino-lam
1311 2309 1414 2348 inter
1439 2306 1614 2361 hospites

130 2365 314 2404 comita
323 2377 369 2413 8.,
398 2372 517 2416 quam.
537 2364 752 2404 Mssm.1.1.
783 2366 1080 2415 communicavit,
1108 2365 1449 2404 alteram-maxime
1475 2365 1611 2418 probo,

130 2432 240 2473 quam
268 2425 422 2460 secutus
450 2422 546 2474 ipse,
573 2422 703 2473 paucis
730 2421 895 2460 mutatis:
934 2419 1035 2466 Vici.
1064 2421 1134 2460 int.
1164 2432 1244 2460 eos
1266 2419 1469 2472 pariter
1497 2432 1611 2460 com-

128 2489 236 2517 mun
246 2472 300 2517 is.
354 2488 527 2529 propono
534 2489 546 2526 3
587 2476 636 2516 cf.
680 2482 831 2529 praeter
866 2488 931 2527 ea,
980 2489 1077 2530 quae
1122 2477 1249 2518 Tross.
1287 2475 1312 2516 l.
1347 2475 1372 2516 l.
1402 2476 1611 2530 disputavit,

128 2544 163 2572 c.
194 2528 223 2572 3
250 2534 348 2573 init.:
392 2544 419 2571 α
533 2544 620 2582 eos,
651 2532 883 2581 etsimiliter
910 2545 944 2572 c.
975 2530 1024 2582 2,
1053 2529 1082 2573 3
1111 2539 1149 2572 et
1174 2529 1216 2583 5,
1246 2528 1295 2572 5:
1331 2532 1447 2584 apud
1471 2530 1573 2577 illos.

240 2587 283 2628 C.
299 2585 370 2638 28,
459 2589 568 2628 codd.
599 2590 743 2629 variant
769 2591 865 2629 inter
891 2602 918 2628 a
946 2587 1059 2635 boiis,
1087 2589 1187 2641 quod
1213 2588 1253 2628 P.
1285 2600 1333 2628 m.
1356 2588 1401 2639 l.,
1433 2590 1486 2629 St.
1509 2605 1539 2628 s.
1560 2595 1610 2627 Μ.

128 2643 258 2698 (boys)
287 2643 332 2684 N.
363 2644 530 2694 Vad.v.,
562 2651 601 2685 et
627 2658 655 2684 a
683 2643 780 2692 bois,
810 2645 910 2698 quod
939 2645 980 2686 L.
1011 2645 1056 2686 Η.
1087 2644 1137 2685 Μ.
1159 2644 1347 2696 ἮωηΗῙ.
1380 2652 1418 2685 et
1437 2645 1496 2686 ed.
1517 2644 1607 2685 Nor.

127 2700 314 2751 exhibent,
343 2701 412 2741 nisi
443 2701 543 2754 quod
571 2703 607 2741 in
634 2701 678 2742 H.
711 2708 749 2741 et
766 2701 837 2741 Vc.
869 2700 919 2740 ab
948 2699 1093 2750 aissin
1122 2700 1167 2741 H.
1195 2717 1224 2740 s.
1244 2707 1296 2752 s.,
1326 2699 1445 2742 Boiis
1472 2717 1502 2742 s.
1523 2706 1610 2752 ις.)
