1730 2851
845 116 877 166 3

124 279 228 332 quaet
248 277 368 327 miuus
395 275 608 328 probandae
636 282 733 326 sunt,
769 277 925 328 recepit,
962 281 1002 324 ut
1030 286 1063 314 c.
1084 272 1143 315 30
1167 279 1389 321 emerant,
1418 277 1489 316 etsi
1516 275 1597 316 aliis

124 334 226 374 locis-
257 333 421 384 priorum
457 333 693 383 conjecturas
728 332 886 380 retinuit,
939 337 980 371 ut
1014 342 1048 371 c.
1078 331 1178 384 Lips.
1223 343 1257 371 c.
1290 328 1348 370 20
1381 330 1596 385 validique,

125 401 159 429 c.
189 383 247 427 28
280 385 402 426 limile
436 391 564 433 aneto,
607 393 730 427 tamen
774 387 896 427 multis
933 387 1078 440 priores
1119 389 1341 427 mutationes
1376 388 1521 439 rejecit,
1557 393 1597 427 ut
1652 432 1656 434 ‚

125 439 238 485 &¹38
264 442 337 483 sec
370 450 476 484 ante:
515 442 561 482 In
596 442 688 482 altis
723 449 760 483 et
796 455 829 483 c.
850 440 909 482 40
935 443 1113 483 dieawm
1138 455 1227 495 pro:
1263 443 1530 499 demumque,
1559 449 1598 484 et

125 501 274 540 omnino
308 511 398 540 sana
434 511 585 554 semper
619 500 743 539 mente
779 499 910 539 ducms
946 510 1019 539 nec
1052 498 1280 539 turbulenter
1314 511 1432 551 agens
1467 498 1595 540 libello

124 561 252 596 nostro
280 556 430 596 multum
456 555 606 608 profuit,
636 561 676 594 ut
702 567 778 595 nou
805 557 986 594 immerito
1015 557 1097 605 ejus
1122 561 1320 594 contextus
1346 555 1499 606 longum
1526 567 1598 607 per

123 618 269 664 tempus
296 623 366 664 pro
394 611 674 651 accuratissimo
700 616 812 663 atque
840 610 1142 650 emendatissimo
1169 609 1314 650 habitus
1343 612 1400 650 sit.
1479 609 1594 651 Multo

123 668 241 706 minus
268 669 526 719 praestiterunt
545 672 745 718 sequentes
766 666 947 706 editores:
979 669 1171 714 anterus,
1200 668 1475 716 Romanam,
1503 669 1594 708 Box-

123 723 293 772 horu'ius,
322 725 477 775 quorum
495 723 647 775 primus,
674 722 836 774 receptis
855 721 1038 768 nonnullis
1057 721 1242 761 Pichenae
1261 720 1592 771 emendationibus,

123 778 236 830 Lipsii
265 784 475 820 contextum
503 779 680 830 sequitur,
721 779 931 830 posteriore
959 783 1081 817 autem
1108 783 1213 830 parte
1242 777 1423 817 collectas
1451 777 1593 818 multo-

122 846 201 874 rum
234 836 396 887 virorum
431 835 628 881 doctorum
667 833 715 873 ad
752 833 985 873 Germaniam
1029 834 1286 873 adnotationes
1331 835 1592 884 communicat,

123 889 218 930 alter
244 891 442 930 editionem
468 890 654 930 Pichenae
683 891 839 942 repetiit,
869 891 1000 941 paucis
1027 883 1179 929 auctore
1205 889 1314 929 Joan.
1335 890 1592 930 Freinshemio

122 957 265 997 genero
293 947 451 995 mutatis,
479 947 608 984 tertius
636 945 744 996 hujus
772 951 986 984 contextum
1004 945 1168 995 vulgavit
1196 957 1280 984 cum
1312 946 1592 986 observationi-

123 1002 193 1041 bus
221 1002 330 1054 pretii
356 1013 478 1053 paene
505 1000 647 1040 nullius.
707 1001 969 1055 Sequebantur*
988 1001 1168 1053 deinceps
1196 1001 1280 1040 edd.
1310 1004 1343 1042 J.
1372 1004 1429 1043 Fr.
1459 1004 1591 1043 liron-

123 1059 190 1107 vti,
211 1057 416 1097 Amstelod.
437 1068 497 1109 ap.
517 1057 677 1097 Elvezir.
700 1053 810 1096 1672
829 1063 867 1096 et
887 1052 1010 1107 1673,
1030 1056 1117 1096 voll.
1134 1056 1181 1106 11,
1196 1053 1251 1107 8.,
1288 1059 1424 1099 ΤΙιοοᾱ.
1444 1056 1592 1108 unni,

122 1110 511 1164 Lugd.Batav.1687,
523 1110 602 1162 12.,
633 1119 672 1152 et
691 1115 770 1154 Jac.
787 1114 970 1161 Gronovil,
991 1112 1240 1164 Traject.Bat.
1253 1110 1377 1163 1721,
1392 1111 1588 1164 von.11‚4.

122 1168 182 1208 Ex
222 1169 355 1221 quibus
395 1169 429 1208 J.
467 1169 527 1208 Fr.
566 1167 775 1208 Gronovius
808 1180 883 1208 non
919 1169 1032 1208 modo
1067 1168 1271 1208 doctissimi
1299 1171 1480 1221 cujusque
1507 1171 1590 1218 viri,

121 1231 161 1264 ut
178 1223 335 1272 Mureti,
365 1223 554 1269 Acidalt'ae',
582 1226 617 1263 in
637 1224 867 1263 Germaniam
896 1225 1168 1263 commentariis
1194 1224 1356 1264 libellum
1384 1224 1589 1274 illustravit,

122 1280 191 1319 sed
225 1282 334 1320 etiam
369 1283 452 1333 ipse
485 1280 565 1320 aliis
599 1280 696 1319 locis
732 1282 949 1332 scripturam
984 1280 1322 1331 Berneggerianam
1366 1278 1589 1330 emendavit,

121 1335 215 1375 alios
242 1336 341 1375 bene
370 1336 584 1389 explicavit3
631 1337 751 1375 minor
778 1337 860 1386 ejus
888 1335 963 1375 lilio
991 1335 1072 1375 laus
1100 1335 1265 1385 debetur,
1295 1337 1371 1389 qui,
1410 1337 1459 1376 ad
1487 1335 1589 1376 Ger-

121 1393 277 1430 maniam
306 1392 406 1442 quod
433 1393 573 1439 attinet,
601 1392 756 1430 aliorum
783 1397 921 1430 tantum
943 1391 1270 1446 judiciaqrepetiit,
1298 1404 1371 1430 nec
1395 1398 1591 1443 praeterea

121 1445 232 1485 ullum
266 1446 347 1485 fere
383 1446 491 1496 hujus
515 1445 699 1488 'editionis
734 1447 890 1498 pretium
927 1451 1040 1495 esset,
1089 1447 1160 1485 nisi
1201 1447 1334 1488 Atreu.
1370 1448 1588 1497 Gronovius,

120 1501 256 1542 Jacobi
283 1501 391 1552 filius,
421 1503 486 1555 qui
511 1503 608 1543 hauc
636 1502 835 1543 editionem
853 1508 941 1554 post
965 1504 1079 1554 patris
1108 1501 1246 1542 obitum
1274 1504 1311 1542 in
1338 1502 1460 1543 lucem
1489 1505 1589 1543 emi—

121 1560 181 1608 sit,
220 1558 406 1598 codicis
441 1558 747 1603 Arundeliani
781 1564 819 1597 et
854 1558 919 1597 ed.
957 1563 1042 1597 vet.
1081 1558 1326 1609 cujusdam
1361 1559 1590 1610 divulgasset

120 1620 318 1667 excerpta;
366 1614 530 1665 Ryckius
558 1620 680 1654 autem
707 1614 823 1653 nullas
852 1614 899 1653 ad
928 1613 1158 1653 Germaniam
1186 1613 1444 1655 adnotationes
1474 1612 1585 1655 dedit.

119 1671 211 1710 Tum
240 1672 391 1711 Gabriel
419 1672 614 1711 Brotarius
642 1672 679 1709 in
708 1670 766 1710 ed.
797 1682 876 1719 sua,
907 1681 1004 1722 quae
1031 1669 1145 1709 Paris.
1178 1667 1301 1720 1771,
1331 1671 1419 1711 voll.
1450 1671 1515 1720 IV,
1545 1669 1585 1711 4.

117 1725 266 1778 prodiit,
299 1724 341 1774 ⁶²)
388 1725 624 1765 collationem
662 1731 860 1778 quatuor
898 1725 1025 1765 codd.
1064 1718 1399 1766 vaticanorum
1438 1723 1586 1778 (1518,

121 1778 244 1831 1862,
264 1778 389 1829 2964,
409 1778 543 1830 4498)
572 1794 594 1820 a
614 1794 657 1820 se
675 1783 873 1821 institutam
891 1781 1149 1833 promulgavit.
1210 1782 1288 1821 Sed
1315 1794 1361 1821 ea
1388 1785 1470 1834 ipsa
1499 1783 1588 1823 col-

118 1837 206 1877 latio
248 1837 362 1876 docet
401 1849 529 1889 parum
565 1837 775 1888 diligentiae
815 1839 853 1877 in
891 1837 1122 1877 excutiendis
1156 1838 1345 1877 Vaticanis
1380 1838 1589 1878 Broterium

118 1892 356 1946 impendisse,
385 1905 496 1945 quum
522 1893 711 1945 permultis
737 1893 834 1932 Iocis
853 1893 940 1932 nihil
958 1898 1146 1932 enotatum
1164 1895 1223 1943 sit,
1253 1892 1334 1932 aliis
1362 1901 1438 1934 non
1464 1906 1586 1934 accu-

118 1954 197 1988 rate
224 1948 408 1989 lectiones
436 1955 638 2002 excerptae
664 1948 867 1989 videantur.
937 1948 1095 1989 Omnino
1123 1949 1312 1989 Broterius
1339 1961 1425 1990 raro
1454 1950 1588 1990 subtile

118 2005 292 2056 judicium
318 2005 475 2057 praebet
503 2012 540 2045 et
566 2005 782 2058 plerumque
810 2007 1026 2046 Ernestium
1054 2007 1230 2056 sequitur,
1260 2007 1322 2057 qui
1350 2018 1449 2046 anno
1475 2003 1588 2046 1752

117 2061 265 2113 Lipsiae
292 2061 410 2100 Taciti
437 2073 552 2114 opera
579 2063 734 2114 primum
762 2061 940 2110 ediderat,
970 2073 1003 2100 a.
1027 2058 1138 2099 1772
1160 2067 1283 2100 autem
1310 2063 1441 2102 iterum
1471 2074 1585 2103 cura-

116 2119 181 2166 vit,
210 2123 250 2156 ut
276 2116 478 2156 lectionum
505 2130 527 2157 a
545 2118 715 2157 Broterio
734 2117 956 2169 prolatarum
987 2123 1026 2156 et
1052 2119 1133 2168 ipse
1156 2119 1336 2156 rationem
1350 2119 1430 2168 Jam
1447 2117 1586 2157 habere

116 2178 262 2225 posset.
296 2172 495 2213 Praeterea
512 2173 704 2212 Ernestius
734 2173 917 2212 codicis
937 2172 1213 2212 Turicensis
1242 2175 1424 2213 variantes
1442 2172 1584 2213 lectio-

116 2327 242 2350 acces
253 2319 311 2350 nit
331 2317 418 2350 liber
442 2317 591 2351 Veneriis
613 2328 760 2352 excusus
781 2329 816 2353 a.
829 2321 928 2352 1497
949 2320 1130 2351 mendosus
1153 2318 1288 2359 quidem
1312 2327 1418 2360 eoque
1439 2319 1585 2360 Melior,

116 2362 177 2403 qut·
201 2362 290 2396 milti
315 2373 381 2397 non
409 2374 512 2402 ymmo
544 2364 624 2397 usui
648 2364 737 2408 suit,-
770 2369 840 2397 tum
873 2366 985 2397 adnot.
1004 2366 1123 2405 -Lipsii
1155 2366 1199 2395 ad
1230 2374 1259 2397 c.
1273 2361 1308 2407 2,
1340 2367 1399 2398 ubi
1422 2367 1585 2408 legimus:

115 2409 307 2442 Picheuu
330 2412 526 2451 repperit
547 2409 585 2442 in
607 2411 662 2443 ed.
677 2410 904 2443 veteriBon..·
927 2420 973 2442 ac
997 2408 1075 2442 mic
1099 2411 1149 2449 T„
1174 2414 1279 2453 tuuc
1304 2410 1359 2454 Gn,
1384 2413 1485 2444 sicuti
1509 2409 1581 2451 eas,

115 2463 201 2492 quas
223 2455 300 2487 διο.
323 2455 475 2489 Gronov.
499 2457 533 2487 in
559 2457 613 2487 ed.
636 2457 743 2499 affert,
775 2458 946 2488 Piebenae
971 2454 1077 2487 nota's.
1136 2456 1227 2488 Num
1250 2457 1338 2489 forte
1360 2457 1396 2488 in
1420 2459 1474 2489 ed.
1498 2459 1584 2499 ipsa,

115 2504 215 2536 quam
239 2501 358 2532 nullibi
381 2502 536 2533 invenire
560 2503 666 2543 potui,
691 2503 756 2533 alin
780 2503 881 2534 etiam
906 2501 1057 2533 subsidia
1080 2501 1232 2534 Pichenu
1255 2502 1384 2545 nuent,
1411 2504 1538 2535 nescio.

207 2563 241 2605 ¹)
265 2568 332 2599 Pro
363 2569 426 2600 bae
459 2570 601 2600 Broterii
632 2570 686 2602 ed.
712 2569 783 2608 jam
816 2579 836 2601 a
865 2569 1031 2601 Passovio
1064 2569 1192 2601 frustra
1222 2571 1389 2610 quaesita,
1421 2572 1453 2601 in
1484 2569 1584 2609 cujus

115 2612 203 2644 notis
227 2616 262 2644 et
285 2614 577 2646 emendationibus
602 2616 744 2647 adnexis
769 2616 901 2646 collatio
926 2612 1130 2656 continetur,
1149 2623 1251 2652 quum
1276 2625 1321 2647 ne
1343 2616 1423 2647 mibi
1447 2616 1583 2653 quidem

114 2659 158 2690 ad
187 2665 312 2690 *manus
349 2663 453 2701 esset,
489 2660 669 2692 editionem
705 2662 844 2693 Barkeri
880 2660 1096 2700 inscriptam:
1135 2660 1224 2692 The
1255 2660 1468 2699 Germany
1504 2662 1584 2693 and

113 2703 322 2746 Agricola
345 2704 392 2735 of
412 2704 590 2738 c.Coru.
613 2707 790 2738 Tacitus
813 2707 901 2744 from
923 2704 1090 2738 Brou’er’s
1112 2704 1195 2744 text,
1220 2704 1299 2737 wien
1322 2707 1369 2736 all
1392 2703 1446 2737 his
1469 2706 1583 2738 obser-

113 2748 255 2789 various,
278 2752 372 2781 notes
395 2750 466 2781 una
488 2750 732 2792 emendations,
766 2752 837 2783 Ed.
862 2751 919 2793 ΙΙ,
944 2751 1073 2783 Loud.
1098 2746 1210 2782 1818
1233 2751 1383 2782 adhibui.

1180 2803 1241 2843 13}
