1730 2851
830 83 891 133 15

115 244 418 298 tranquillitatem
447 245 558 284 animi
591 244 638 283 ad
666 242 849 294 ejusmodi
886 244 1074 294 negotium
1112 243 1363 282 neeessariam
1395 241 1481 282 hnic
1515 242 1596 281 viro

116 304 260 344 deesse
289 306 365 340 tum
393 300 527 352 singuli
553 300 630 341 loci
657 305 732 340 tum
768 305 847 339 tota
874 299 988 339 editio
1029 298 1198 351 probant.
1212 296 1280 347 ²¹)
1332 298 1466 350 ltaque
1494 298 1596 338 Ger-

115 358 235 400 lachii
252 356 464 408 diligentiae
484 356 654 397 diffidens
675 361 725 402 et,
755 355 843 407 qnid
869 355 928 396 his
955 354 1132 395 inrebus
1149 354 1359 395 faciendum
1377 356 1438 405 sit,
1465 353 1598 395 dubius

113 413 247 454 'audivi
265 411 573 462 massmannum,
601 412 649 451 V.
672 411 761 461 GL„
790 413 910 464 ipsum
937 417 1064 451 nostra
1091 413 1128 451 in
1155 410 1249 451 urbe
1276 412 1424 452 morari.
1452 411 1488 451 A
1507 422 1596 464 quo,

118 481 206 509 cum
235 468 388 520 adirem,
422 469 685 508 humanissime
715 468 906 519 exceptus
925 467 1186 507 dubitationem
1215 478 1335 506 meam
1364 478 1440 506 non
1466 466 1597 506 falsam

118 536 210 565 esse
241 526 424 575 cognovi:
470 523 704 564 Gerlaehium
739 529 916 575 apparatu
950 534 1019 563 suo
1055 534 1130 563 non
1158 524 1207 562 ita
1235 522 1332 562 bene
1359 535 1465 562 usum
1495 534 1596 570 esse,

118 587 157 620 ut
189 580 322 620 multas
349 580 533 620 lectiones
561 579 676 618 falsas
703 579 914 630 protulerit;
943 591 1031 618 sese
1057 590 1179 630 prope
1206 578 1303 618 diem
1330 590 1465 618 novam
1495 578 1596 618 Ger-

119 637 268 675 maniae
297 636 510 685 editionem,
541 636 648 685 cujus
666 636 812 687 priores
829 633 1003 686 plagulae
1025 635 1106 684 ,iam
1134 636 1437 686 imprimerentur,
1464 636 1501 674 in
1519 646 1596 686 pu—

121 691 263 732 blicum
291 693 509 732 emissurum
526 729 529 731 A
545 692 584 730 in
619 703 739 744 eaqne
776 702 852 731 non
887 690 1007 730 solum
1035 702 1166 730 omnes
1193 691 1355 730 omnium
1384 689 1493 730 codd.
1522 702 1597 731 va-

118 750 250 788 riantis
286 748 497 796 allaturum,
542 759 670 786 verum
701 747 815 786 etiam
856 752 970 788 totam
1005 748 1101 786 inter
1134 752 1223 785 vett.
1259 746 1375 785 libros
1418 748 1598 796 rationem

128 805 382 858 expositurum
417 814 516 843 esse.
551 852 556 862 Ι
582 802 686 844 Idem
714 803 770 843 vir
797 802 1033 843 doctissimus
1059 808 1255 856 praeterea
1281 814 1351 856 pro
1370 802 1597 854 benignitate

119 867 233 912 atque
253 861 476 901 humanitate
505 872 570 899 sua
600 859 809 912 exemplum
840 872 862 898 e
891 871 945 898 co
956 860 992 899 d.
1021 859 1166 899 Periz.
1196 861 1474 899 accuratissime
1502 872 1524 898 a
1551 872 1598 898 se

123 916 351 967 descriptum
388 915 478 953 mihi
512 916 641 964 ignoto
671 915 844 954 utendum
873 914 992 963 dedit,
1028 914 1126 953 unde
1154 926 1230 953 non
1256 915 1485 955 mediocrem
1512 916 1598 967 cepi

123 970 475 1022 utilitatem5quum,
506 970 594 1022 quid
622 976 756 1022 postea
775 969 922 1010 demum
951 971 988 1010 in
1017 970 1189 1010 codicem
1216 971 1393 1011 insertum
1411 972 1471 1020 sit,
1500 982 1599 1010 nunc

121 1028 251 1066 sciam.
291 1024 535 1065 Nihilominus
563 1028 600 1065 in
628 1026 691 1065 illa
709 1038 832 1065 rerum
861 1026 1083 1065 condicione
1110 1026 1251 1065 lubrica
1279 1038 1341 1065 res
1359 1026 1476 1065 videri
1503 1032 1596 1078 pot-

122 1088 193 1131 est,
223 1083 441 1134 praesertim
472 1094 583 1137 quum
611 1094 746 1122 novam
765 1093 922 1134 eamque
940 1081 1036 1121 haud
1064 1081 1175 1122 dubie
1203 1082 1396 1123 meliorem
1424 1082 1595 1122 codicum

121 1138 359 1178 collationem
388 1138 494 1177 brevi
521 1139 643 1190 spatio
672 1140 709 1177 in
737 1138 859 1178 lucem
887 1139 1061 1177 emissum
1079 1139 1124 1177 iri
1141 1151 1230 1190 spes
1251 1140 1310 1188 sit,
1337 1150 1434 1178 nnnc
1452 1138 1501 1178 de
1519 1150 1594 1191 ap-

121 1199 272 1247 paratus
309 1195 427 1234 critici
461 1194 570 1245 hujus
604 1193 718 1233 libelli
754 1194 878 1234 indole
913 1205 958 1233 ac
986 1195 1131 1233 ratione
1157 1194 1453 1247 dissertationem
1481 1206 1595 1235 com-

124 1263 280 1303 ponere.
358 1250 436 1291 Sed
470 1252 625 1303 primum
658 1250 857 1303 plerasque
891 1250 1066 1290 codicum
1092 1250 1280 1290 lectiones
1315 1250 1411 1291 falso
1447 1251 1598 1292 traditus

121 1307 231 1347 nobis
261 1319 348 1346 esse
376 1307 511 1358 illaque
540 1307 739 1346 collatione
768 1308 891 1346 omnia
920 1319 1091 1346 eversum
1119 1308 1162 1359 iri
1189 1309 1311 1359 accipi
1346 1307 1448 1348 nullo
1481 1307 1596 1348 modo

122 1368 268 1415 potest,
315 1364 487 1415 quoniam
523 1365 672 1415 saepius
707 1362 832 1415 plnres
868 1363 1088 1403 collationes
1115 1364 1152 1402 in
1179 1363 1369 1402 afferenda
1395 1363 1596 1404 lectionum

121 1421 301 1458 varietate
329 1425 537 1469 congruunt
563 1431 686 1471 neque
715 1425 784 1468 est,
815 1431 881 1458 cur
909 1420 956 1458 de
984 1417 1136 1459 aliarum
1163 1419 1355 1458 multarum
1381 1422 1596 1460 variantium

121 1476 278 1514 veritate
298 1475 524 1523 dubitemus3
555 1486 577 1513 a
595 1475 747 1515 Massm.
776 1479 868 1514 v'ero
897 1476 981 1526 ipso
1009 1474 1130 1514 multis
1157 1474 1266 1514 locis·
1282 1487 1330 1514 ne
1358 1475 1419 1514 illa
1447 1476 1596 1527 quidem

122 1530 321 1570 collatione
349 1537 488 1570 certam
518 1530 673 1570 salutem
701 1530 805 1570 afferi
832 1531 1055 1582 minimeque
1083 1530 1344 1570 dubitationem
1373 1531 1452 1571 tolli
1479 1533 1593 1583 equi-

922 1655 936 1685 l
949 1652 1080 1686 etiamn

120 1675 260 1709 exionas
280 1677 363 1717 Vm,
387 1686 416 1708 s·
440 1676 560 1708 Mssm.
591 1674 731 1726 esionae
754 1676 886 1719 Vc.v.‚
924 1699 1073 1731 orionus

1111 1677 1176 1708 Va.
1218 1677 1338 1716 Neque
1356 1687 1491 1718 semper
1502 1677 1592 1711 Ger-

122 1745 231 1776 lachio
262 1744 305 1774 iis
335 1744 438 1785 locis,
474 1744 598 1782 quibus
631 1753 650 1775 e
679 1744 805 1787 stuttg.
834 1746 1045 1777 accuratiore
1083 1745 1208 1776 codicis
1231 1745 1425 1786 cognitione
1456 1746 1594 1778 ductum

122 1790 260 1831 saepius
285 1790 369 1821 alias
394 1793 496 1828 atque
518 1790 620 1826 Hess.
647 1791 821 1822 variantes
845 1800 884 1822 se
908 1791 1105 1823 enotaviese
1128 1791 1204 1831 ipse
1227 1791 1382 1834 affirmat,
1409 1791 1509 1824 fldem
1533 1793 1596 1824 ha-

121 1837 266 1867 bendam
290 1835 399 1877 magis
422 1836 522 1866 etiam
546 1839 666 1875 postes
689 1836 873 1878 intelliges,

220 1899 275 1941 ἰ)
311 1891 420 1944 Quam
444 1903 567 1935 leviter
598 1903 871 1946 et<negligenter
894 1902 987 1937 Gerl.
1020 1904 1200 1936 editionem
1226 1905 1479 1982 conscripseriti
1504 1914 1596 1937 nnnc

116 1947 187 1987 jam
212 1950 401 1984 concedes:
424 1948 512 1981 idem
536 1957 620 1981 vero
643 1957 686 1980 ex
710 1950 764 1980 his
788 1958 924 1988 quoqne
947 1950 1031 1981 locis
1059 1950 1215 1981 elucebit.
1262 1950 1393 1982 lihl’ar.
1413 1960 1442 1982 c.
1482 1972 1493 1990 ‚
1517 1960 1550 1991 p.
1573 1948 1597 1983 2

122 1992 310 2034 Raetisque
332 1999 368 2025 et
389 1993 521 2035 relique
544 2003 604 2033 pro
627 1993 830 2035 Rheeiisque
852 1998 887 2026 et
908 1993 1044 2036 retieq„
1085 2004 1114 2026 c.
1137 1991 1171 2038 2,
1198 2004 1230 2035 p.
1252 1991 1276 2027 6
1321 1995 1506 2028 Vandalios
1534 2006 1595 2036 pro

126 2039 314 2080 Vaudalos,
339 2049 368 2071 c.
382 2034 439 2079 16,
465 2036 548 2080 p.27
573 2038 772 2072 liniamenta
796 2049 856 2080 pro
879 2038 1014 2072 lineum.
1030 2038 1156 2080 enatat,
1181 2049 1284 2079 qnam
1297 2041 1400 2073 noes.
1414 2042 1450 2072 in
1466 2040 1595 2074 Comm.

120 2084 160 2125 I.,
198 2093 230 2123 p.
252 2085 318 2116 vn
343 2088 378 2116 et
399 2081 457 2126 41,
488 2085 532 2126 ΙΙ,
565 2095 597 2125 p.
614 2083 644 2120 *⁴
679 2085 736 2117 fin.
761 2089 795 2117 et
817 2086 845 2127 1,
883 2095 915 2125 p.
938 2086 1022 2118 VIII
1053 2094 1116 2117 sua
1146 2086 1256 2125 ipsius
1291 2087 1398 2118 verba
1430 2088 1595 2129 corrigat3

123 2138 152 2161 c.
177 2125 233 2170 13,
257 2139 291 2168 p.
302 2125 345 2161 21
370 2129 560 2169 principum
585 2129 677 2168 diqn.
701 2130 796 2162 Mun.
820 2132 984 2170 praebere
1008 2131 1101 2170 dicit,
1125 2132 1215 2170 quod
1240 2132 1370 2163 aPass.
1395 2132 1483 2162 falso
1507 2141 1593 2164 eno-

120 2178 225 2205 tntum
244 2173 315 2213 jam
345 2175 426 2207 nss.
449 2176 484 2207 in
509 2174 636 2208 Comm.
658 2176 719 2218 ΙΙΙ,
750 2185 783 2215 p.
807 2172 851 2208 16
875 2180 1085 2217 correxerat3
1122 2186 1152 2209 c.
1177 2174 1232 2215 14,
1257 2186 1290 2216 p.
1312 2173 1358 2208 25
1392 2177 1594 2209 lectionem:

121 2228 199 2250 neem
223 2221 343 2257 enulae
367 2224 401 2251 el
425 2229 547 2261 quamq.
571 2219 735 2258 incompti
754 2220 844 2260 lurni
876 2226 988 2253 tamen
1017 2231 1094 2259 amp.
1130 2231 1150 2253 e
1180 2222 1255 2253 eod.
1278 2222 1357 2253 Tur.
1381 2223 1495 2263 affert,
1532 2224 1595 2255 sed

122 2265 247 2297 oblitus
271 2269 326 2297 est
349 2266 402 2296 vir
426 2267 643 2298 doctissimus
667 2267 700 2298 in
724 2267 789 2298 hoc
813 2268 888 2298 eod.
913 2276 933 2298 a
957 2268 1079 2306 capitis
1099 2263 1123 2298 8
1138 2275 1239 2298 voce:
1264 2265 1462 2303 captivitate
1483 2276 1597 2307 usqne

121 2311 162 2341 ad
188 2319 218 2342 c.
243 2306 287 2344 16
312 2312 436 2343 verba:
475 2313 584 2344 solent
613 2316 648 2344 et
677 2312 865 2344 subterrare.
895 2313 1049 2344 lacunam
1083 2321 1181 2352 esser,
1213 2320 1243 2343 c.
1266 2308 1324 2354 21,
1354 2322 1389 2353 p.
1411 2309 1457 2345 34
1487 2314 1592 2346 dict:

122 2365 198 2395 pro
222 2355 364 2395 hospitii
383 2366 446 2398 ap.
469 2358 586 2389 Pass.
611 2359 760 2390 nescio
784 2367 836 2390 an
861 2359 1179 2399 typothetarum
1204 2358 1332 2398 lapsu
1361 2357 1504 2398 hospitis
1527 2369 1595 2392 ex-

123 2402 338 2443 scriptum
363 2408 445 2444 est,
474 2412 666 2442 quanquam
686 2404 756 2443 jam
780 2405 814 2436 in
839 2404 1050 2446 corrigendis
1074 2405 1116 2435 ad
1141 2404 1195 2435 ed.
1218 2404 1317 2436 Pass.
1341 2405 1375 2436 id
1400 2406 1594 2437 adnotatum

124 2450 194 2486 est3
220 2456 248 2478 c.
273 2443 330 2487 39,
356 2458 389 2488 ρ,
411 2445 457 2480 64
481 2449 578 2480 stato
603 2451 927 2486 tenatiore'oinnibns
943 2449 1035 2480 Vatt.
1062 2450 1187 2490 tribuit,
1211 2453 1281 2480 tum
1304 2459 1389 2481 vero
1414 2450 1550 2482 statmo
1576 2461 1596 2482 e

126 2490 192 2523 Vb.
216 2493 330 2531 aliens
346 2492 454 2537 “ο.44,
479 2503 512 2534 p.
530 2491 573 2525 74
596 2503 660 2526 nec
683 2499 717 2526 et
748 2504 857 2535 neque
877 2493 1065 2533 promiscuo
1091 2503 1149 2535 pro
1172 2503 1206 2526 n.
1221 2493 1375 2532 precario
1398 2495 1595 2538 legendnm,

126 2544 228 2573 quum
245 2537 320 2569 libri
335 2543 413 2578 post
425 2548 533 2580 neque
543 2549 634 2576 pree.
651 2541 760 2572 allati:
786 2542 860 2573 cod.
873 2542 951 2572 Tur.
971 2541 1049 2572 edd.
1066 2540 1125 2580 Sp.
1143 2541 1244 2572 Rath.
1257 2541 1346 2582 Pae,
1363 2541 1468 2584 igitur
1482 2544 1595 2583 etiam,

125 2581 239 2621 credo,
263 2582 361 2625 Bon„
387 2585 566 2626 noniano,
591 2586 653 2618 sed
671 2586 760 2617 illam
779 2587 957 2618 lectionem
983 2586 1187 2617 contineant.
1245 2585 1419 2619 Facillime
1454 2588 1511 2618 hic
1541 2589 1596 2618 vi-

124 2626 245 2657 tiorum
269 2627 302 2658 in
327 2629 382 2660 ed.
406 2628 500 2662 Gerl.
524 2631 771 2663 occurrentium
798 2640 959 2665 numerus
984 2632 1101 2672 augeri
1127 2636 1260 2672 posset,
1296 2635 1331 2663 et
1354 2633 1399 2664 de
1421 2634 1595 2664 nonnullis

125 2672 224 2703 etiam
247 2674 470 2710 sequentibus
494 2675 608 2708 dicere
632 2685 719 2716 opus
750 2677 831 2716 erit3
867 2677 921 2708 hic
945 2686 997 2718 ea,
1029 2685 1116 2715 qnae
1140 2678 1231 2718 dedi.
1256 2677 1316 2708 tibi
1340 2678 1522 2720 sufficient,
1558 2683 1595 2709 nt

124 2717 242 2749 verius
266 2718 329 2749 hac
352 2718 395 2749 de
420 2720 473 2751 ed.
493 2719 657 2759 J'ndicinm
683 2722 800 2754 facins.
