1730 2851
835 131 898 180 41

129 292 237 332 locus
265 291 361 330 Ann.
382 290 467 341 XV,
486 288 564 330 41·
597 291 830 342 porticibus,
861 302 965 344 quae
987 292 1159 343 ftomam
1188 288 1403 328 insularum
1427 292 1607 342 proteye-

129 350 238 392 rent
258 346 306 400 ab
324 347 370 387 iis
388 347 548 388 affertur.
608 345 686 387 Sed
713 348 746 388 si
773 346 928 389 verbum
953 345 1250 414 protegendi
1278 347 1458 399 primitiva
1482 347 1607 398 signi·-

130 395 326 444 flectione:
364 417 419 444 vo
432 418 481 444 rn
519 404 640 444 bede
651 403 770 444 cken
806 398 868 444 hic
903 405 1144 457 accipiamus,
1174 403 1211 442 id
1246 404 1395 442 omnino
1430 414 1505 442 non
1532 403 1609 442 dici

131 459 179 500 de
206 459 377 500 Danubio
405 466 543 514 potest,
582 460 719 513 quippe
754 461 817 513 qui
851 472 928 501 non
963 459 1157 504 editiorem
1191 458 1316 499 locum
1353 457 1530 508 obtineat,
1569 464 1609 498 et

124 515 228 556 -haud
269 516 380 557 dubie
423 517 578 556 saltibus
619 516 681 555 vel
722 518 900 556 montium
936 518 1040 567 ,iugis
1080 516 1240 555 frontem
1274 517 1423 568 protegi
1458 515 1607 554 Tacims

54 578 62 581 “
132 571 308 621 dixisset3
337 574 394 613 sin
412 572 588 612 translata
606 573 661 612 vi:
690 572 985 612 beschiitzen
1012 572 1050 612 id
1068 571 1223 611 verbum
1241 572 1403 624 positum
1430 570 1492 610 hic
1520 583 1608 610 esse

131 639 330 679 sumamus,
373 630 517 669 notioni
547 628 695 680 frontis
728 628 770 668 id
804 634 1000 681 repugnat,
1038 630 1076 667 in
1111 639 1196 680 qua,
1235 640 1347 679 quum
1385 628 1608 667 anteriorem

133 683 352 724 Germaniae
369 691 512 737 partem
538 684 725 735 significet
741 685 920 726 Romano,
940 685 1095 737 imperio
1125 696 1148 723 e
1175 685 1333 734 regione
1360 685 1470 723 sitam
1497 689 1608 735 atque

132 739 340 791 adversam,
375 740 551 807 praesidii
586 741 688 780 notio
718 742 799 792 ,iam
834 743 943 781 inest.
1010 739 1163 781 Incolae
1192 741 1290 780 enim
1317 739 1415 780 illius
1441 740 1609 791 regionis

131 796 256 836 hostili
277 809 433 849 semper
459 798 581 836 animo
601 796 807 836 Romanum
834 798 1028 849 imperium
1055 796 1312 849 adspiciebant
1339 802 1379 835 et
1405 795 1454 835 ad
1480 797 1607 848 impe-

131 858 208 891 tum
236 854 336 893 omni
363 858 532 906 tempore
560 854 677 905 parati
707 859 821 903 erant,
851 852 1092 906 quamobrem
1119 852 1290 902 Romani,
1319 864 1430 904 quum
1458 853 1608 917 saepius

133 920 217 947 cum
245 910 291 948 iis
318 920 486 961 pugnare
512 915 749 959 cogerentur,
778 915 960 962 perpetuo
992 921 1061 948 eos
1089 908 1283 958 timebant,
1314 907 1501 959 singulare
1529 909 1608 959 igi-

132 969 191 1004 tur
224 965 462 1017 praesidium,
500 965 601 1017 quod
635 965 826 1005 Danubius
861 965 992 1005 fluvius
1035 965 1260 1018 praebuerit,
1301 965 1363 1005 hic
1398 964 1611 1016 significare

133 1032 209 1060 non
242 1027 365 1073 aptum
394 1028 465 1071 est,
502 1024 612 1070 immo
648 1021 793 1061 verbis.
830 1025 1022 1074 quatenus
1061 1020 1248 1060 Danubio
1277 1020 1489 1073 peraqitaea·
1522 1019 1611 1060 nibil

132 1076 244 1126 aliud,
271 1078 341 1117 nisi
369 1079 561 1117 terminum
588 1078 723 1118 afferre
751 1079 913 1130 scriptor
940 1077 1028 1127 vult,
1059 1088 1134 1129 quo
1164 1085 1282 1129 usque
1310 1076 1371 1116 illa
1391 1075 1610 1116 Germaniae

132 1133 238 1172 frons
266 1135 458 1185 pertineat.
498 1133 677 1173 Videmus
706 1146 799 1185 ergo
828 1145 876 1172 ne
906 1135 1133 1184 conjecturis
1161 1133 1310 1185 quidem
1337 1133 1462 1172 locum
1490 1142 1608 1172 sana-

133 1194 210 1233 tum
237 1188 359 1229 adhuc
388 1201 495 1238 esse;
541 1196 766 1242 quapropter
792 1189 902 1229 aliam
930 1190 1018 1229 mihi
1044 1189 1157 1228 liceat
1185 1188 1482 1229 emendationem
1509 1200 1608 1241 pro-

133 1256 295 1296 ponere:
321 1245 664 1296 praecinyitur.
721 1246 783 1285 Ad
810 1245 1136 1297 palaeographiam
1155 1245 1254 1296 quod
1282 1245 1423 1294 attinet,
1453 1244 1516 1283 illa
1533 1255 1611 1283 vox

133 1312 203 1351 per
230 1301 488 1353 compendium
512 1298 703 1351 imiyrcar
730 1301 981 1349 scribebatur3
1013 1302 1093 1351 ,iam
1127 1302 1160 1340 si
1188 1301 1283 1340 duae
1309 1300 1470 1340 lineolae
1498 1311 1613 1351 super

133 1355 250 1395 literis
283 1369 316 1407 p
345 1362 383 1395 et
411 1357 428 1395 i
463 1356 597 1396 ductae
624 1363 794 1409 tempore
823 1358 1008 1397 extinctae
1037 1362 1153 1405 erant,
1186 1358 1385 1408 scriptura:
1421 1365 1612 1408 paywar

136 1412 363 1463 remanebat,
394 1425 489 1465 quae
517 1412 692 1453 facillime
705 1425 893 1466 ‘page-tar
919 1412 997 1464 legi
1014 1419 1161 1465 poterat
1188 1418 1239 1462 et,
1270 1425 1383 1465 quum
1400 1412 1496 1452 haec
1514 1410 1612 1452 nulla

46 1493 52 1501 ι
134 1480 211 1507 vox
231 1475 345 1519 esset,
373 1471 426 1508 in:
443 1481 621 1520 paqtvar
649 1475 707 1509 est
734 1475 881 1509 mutata.
930 1468 1097 1508 Verbum
1116 1475 1239 1508 autem
1267 1467 1613 1520 praecingendi

135 1546 211 1575 non
249 1547 334 1575 raro
371 1547 392 1575 a
428 1535 672 1588 scriptoribus
706 1535 769 1575 tali
805 1537 949 1575 ratione
976 1541 1190 1588 usurpatur3
1240 1535 1289 1575 cf.
1322 1533 1465 1575 Colum.
1496 1534 1543 1574 de
1571 1546 1613 1573 re

136 1597 224 1630 rust.
255 1592 304 1641 X,
334 1588 437 1631 347:
474 1591 578 1643 Sepe
616 1604 709 1631 suas
742 1591 856 1630 sedes
886 1592 1123 1643 praecinxit
1147 1591 1288 1630 vitibus
1315 1589 1451 1635 albis„
1487 1590 1611 1630 Manu.

136 1647 286 1687 Astron.
326 1647 390 1697 111,
434 1644 535 1687 307:
584 1647 737 1687 medius
777 1651 885 1687 recto
919 1647 1197 1699 μασι-ἰκρίων
1237 1646 1378 1686 ordine
1420 1646 1613 1695 minda-t„

136 1703 246 1755 Prop.
268 1703 333 1753 IV,
354 1677 395 1754 4,
417 1701 465 1744 7:
498 1705 649 1756 fontem
677 1701 781 1743 vallo
806 1703 1037 1756 praecingyit
1061 1715 1232 1752 acerno„
1262 1702 1391 1743 Claud.
1411 1702 1505 1742 Bell.
1529 1701 1611 1742 Get.

135 1755 239 1799 298:
269 1757 417 1799 Ararin
442 1761 702 1812 praecingere
730 1761 884 1810 castris,
913 1760 983 1800 OV.
1003 1758 1092 1800 Met.
1114 1760 1215 1810 XIV,
1235 1756 1343 1800 638.
1384 1757 1508 1800 Vallis
1526 1757 1613 1797 An·-

137 1816 253 1854 dnae
279 1814 381 1854 silva
404 1817 660 1867 praecinctus
687 1828 820 1867 opaca
841 1839 893 1845 —
920 1815 997 1855 Est
1020 1815 1156 1866 lama„
1187 1816 1253 1856 Sil.
1274 1816 1400 1855 Punic.
1421 1811 1612 1865 111‚243:

137 1870 301 1911 Sicanio
325 1872 560 1924 praecinxit
585 1871 703 1911 litora
733 1884 869 1919 maro„
900 1878 937 1911 et
964 1872 1120 1912 similem
1149 1879 1277 1912 nostro
1305 1871 1430 1912 locum
1458 1872 1495 1910 in
1522 1871 1611 1910 Plin.

137 1928 327 1977 N.h.11,
357 1924 415 1967 66
442 1924 554 1975 (66);
588 1926 715 1967 Tellus
724 1928 990 1979 -praecincta
1017 1928 1246 1979 circumfluo
1275 1928 1387 1972 mari,
1417 1933 1456 1966 et
1483 1927 1533 1976 V,
1557 1923 1617 1965 40

139 1980 251 2031 (32);
276 1984 552 2036 praecinyitur
576 1996 674 2036 qens
702 1984 828 2028 mari„
858 1985 944 2036 quin
972 1986 1083 2023 etiam
1112 1997 1195 2023 cum
1223 1995 1322 2023 voce
1345 1982 1494 2036 frontis
1513 1994 1614 2022 con-

133 2041 301 2090 junctum
338 2042 374 2080 in
411 2040 480 2080 Ov.
511 2041 557 2080 A.
588 2041 673 2081 Am.
704 2040 733 2090 1,
763 2036 865 2080 223:
914 2038 996 2080 Hic
1023 2044 1082 2080 est
1106 2039 1328 2093 &plu-ates
1359 2039 1616 2092 praecinctas

139 2096 336 2136 arundine
359 2098 555 2148 frontem„
592 2099 614 2137 i.
638 2110 693 2137 e.:
733 2095 952 2149 Euphratis
983 2099 1100 2150 frons
1135 2096 1331 2137 arundine
1359 2095 1617 2148 praecinctas

140 2156 221 2198 est„
249 2158 289 2192 ut
306 2159 436 2192 nostro
455 2153 566 2193 loco:
601 2151 839 2192 Germaniae
852 2155 969 2205 from
987 2153 1175 2193 Danubio
1190 2152 1489 2205 praecingitur„
1519 2163 1616 2204 quac

140 2209 322 2249 sententia
357 2209 551 2249 conclusio
588 2216 648 2249 est
680 2209 903 2258 verborumz,
933 2207 1074 2263 anue
1102 2233 1127 2241 -
1152 2209 1438 2262 praeciuqitztr.
1496 2207 1618 2257 Quam

141 2264 439 2317 emendationem
476 2267 509 2305 si
542 2267 720 2318 accipias,
759 2267 881 2305 omnia
917 2268 1056 2318 optime
1094 2279 1136 2306 se
1172 2265 1319 2305 habent.
1393 2263 1487 2304 Tum
1519 2266 1618 2304 enim

147 2319 375 2365 Germania,
403 2328 444 2361 ut
463 2334 558 2374 opus
585 2328 656 2372 est,
687 2324 892 2362 sententiae
921 2322 1115 2373 adjunctae
1144 2322 1349 2372 subjectum
1378 2321 1619 2371 cogitandum

84 2415 89 2420 ,
142 2383 201 2417 est
227 2389 350 2429 neque
379 2377 476 2417 aliud
512 2378 711 2430 quidquam
747 2390 845 2417 voce
882 2376 1069 2416 Danubio
1103 2378 1296 2426 indicatur,
1334 2378 1407 2416 nisi
1442 2379 1619 2417 terminus

141 2434 223 2484 ejus
251 2435 378 2485 partis,
408 2445 505 2485 quae
529 2435 646 2485 frons
673 2440 846 2482 vocatur3
890 2435 1116 2486 praepositio
1148 2445 1253 2485 prae
1287 2434 1497 2485 composita
1533 2445 1619 2472 cum

142 2488 301 2542 simplici
328 2489 446 2530 verbo
477 2490 723 2542 cingendi,
754 2490 855 2543 quod
882 2489 1030 2530 Tacitus
1058 2491 1138 2543 ipse
1168 2489 1335 2531 similiter
1362 2501 1397 2529 c.
1418 2485 1475 2529 45
1502 2502 1618 2531 usur-

142 2551 223 2598 pat:
261 2559 368 2585 mare
390 2547 553 2598 piyram
581 2551 620 2586 et
641 2559 772 2600 prope
799 2547 1007 2591 immotam,
1037 2560 1115 2599 quo
1143 2547 1254 2598 cinyi
1282 2544 1469 2598 cladiqae
1496 2551 1619 2586 terra-

141 2614 229 2640 ram
256 2600 432 2640 orbem-
407 2603 550 2654 -fides
579 2604 734 2655 egregie
762 2603 823 2643 hic
853 2602 1019 2654 quadrat,
1050 2603 1150 2654 quod
1178 2603 1328 2643 Tacitus
1357 2602 1406 2642 de
1435 2605 1620 2644 anteriore

144 2656 363 2697 Germaniae
391 2664 496 2711 parte
524 2659 702 2713 loquitur3
741 2665 857 2699 totum
895 2665 1016 2700 autem
1056 2659 1208 2699 verbum
1246 2658 1439 2712 praeclare
1469 2661 1620 2711 cogita-

146 2716 282 2754 tionem
311 2713 488 2768 depingit‚
523 2730 634 2768 quum
662 2715 852 2755 Danubius
883 2715 1067 2766 cingulum
1097 2729 1183 2756 esse
1213 2717 1398 2768 cogitetur
1425 2715 1623 2757 australem

145 2769 363 2812 Germaniae
391 2778 532 2824 partem
562 2772 827 2825 complectens.
