1730 2851
852 126 908 182 n

144 294 230 336 dem
259 292 424 334 editione
451 303 530 334 rem
558 306 606 334 eo
635 302 877 349 progressam
905 305 1013 342 esse,
1047 298 1086 332 ut
1111 298 1251 332 certam
1279 296 1477 332 contextus
1504 293 1621 331 resti-

143 349 270 390 tuendi
296 358 462 390 normam
489 361 586 389 nunc
614 346 835 399 habeamus,
872 360 944 402 qua
974 361 1105 388 omnes
1132 348 1253 388 adbuc
1281 348 1478 388 destitutos
1505 347 1622 387 finisse

94 438 104 446 ,
143 407 227 458 ipse
245 405 344 445 dicit.
399 405 532 460 Neque
559 404 730 445 absoluta
758 418 820 445 res
850 416 898 446 eo
925 411 1007 455 est,
1036 405 1136 457 quod
1165 405 1422 444 recentissimo
1450 410 1623 457 tempore

144 457 323 508 mulus
347 472 485 501 novum
515 460 735 501 Germaniae
772 462 1009 510 codicem,
1045 455 1424 508 Perizonianum,
1453 459 1623 511 Lugduni

144 516 273 558 Batav.
303 523 553 572 asservatum
556 518 748 569 integrum
782 517 1062 584 imprimendum
1097 518 1256 566 curavit,
1289 517 1457 569 quamvis
1485 517 1623 556 firmius

146 585 199 612 eo
224 585 284 612 ars
304 576 432 613 critica
459 577 498 613 in
525 573 654 612 libello
683 579 813 613 nostro
839 580 948 612 nacta
967 575 1016 612 sit
1033 573 1317 612 fundamentum.
1376 572 1504 612 Tross.
1525 574 1622 624 ipse,

147 628 280 682 quibus
309 629 404 669 locis
440 629 579 681 aliquid
613 622 788 679 adnotat,
831 629 1012 669 interdum
1047 630 1196 668 ιιὶιιιίιιιιι
1235 628 1358 668 codici
1395 639 1464 668 suo
1500 627 1625 668 tribuit

145 686 389 730 auctoritatis.
448 686 641 737 Denique,
670 697 767 737 quae
796 686 991 737 superiore
1019 678 1116 724 anno
1145 696 1166 723 a
1195 685 1488 735 velabantur,
1522 683 1620 736 prof.

147 740 345 791 Solodur„
383 741 568 793 publicata
605 745 665 779 est
693 739 913 780 Germaniae
942 740 1075 789 editio,
1110 740 1158 779 ad
1193 752 1273 779 rem
1302 740 1468 779 criticum
1494 751 1623 792 parum

145 796 308 837 utilitatis
335 797 510 851 praebet,
541 797 642 850 quod
670 808 720 836 ex
747 797 958 839 novissimis
986 802 1124 837 tantum
1155 794 1377 836 editionibus
1405 796 1530 836 variae
1557 794 1622 836 le-

147 855 292 899 ctiones
321 866 443 909 neque
471 855 638 905 integrae
668 850 880 909 exscriptae
916 860 1000 894 sunt
1033 866 1156 906 neque
1185 853 1359 902 omnino,
1395 865 1492 905 quae
1521 864 1623 893 con-

147 915 269 950 textus
298 906 544 953 constituendi
572 910 805 950 difficultates
834 911 927 958 siut,
955 911 1012 949 vir
1038 908 1161 950 bonus
1188 908 1380 949 intellexit.

260 966 368 1013 Quae
396 978 507 1018 quum
542 967 593 1004 ita
622 967 713 1013 sint,
751 965 951 1017 optandum
987 965 1085 1004 haud
1122 965 1233 1004 dubie
1267 971 1347 1013 est,
1383 971 1424 1003 ut
1457 966 1540 1016 quis
1575 934 1624 1003 de

148 1026 255 1070 tota,
278 1033 374 1073 quae
403 1027 462 1061 est
489 1023 584 1061 inter
603 1020 820 1061 Germaniae
850 1021 960 1061 codd.
991 1026 1030 1076 et
1057 1020 1141 1060 edd.
1163 1026 1281 1070 vett„
1310 1021 1454 1060 ratione
1482 1021 1622 1073 copio-

148 1078 225 1116 sius
255 1076 431 1126 disserat,
470 1078 643 1129 quoniam
670 1083 764 1117 tum
775 1073 944 1126 demum,
981 1089 1092 1129 quum
1121 1077 1169 1116 de
1198 1077 1353 1116 fontium
1380 1075 1506 1117 indole
1533 1078 1624 1117 satis

149 1132 275 1188 edocti
293 1133 443 1182 erimus,
471 1132 586 1172 libelli
614 1132 723 1184 huJus
750 1138 946 1172 contextus
960 1144 1082 1185 quam
1111 1133 1270 1172 maxime
1297 1133 1479 1184 genuinus
1505 1132 1622 1172 resti-

146 1189 200 1228 tui
229 1190 376 1241 poterit.
434 1189 580 1241 Itaque*
597 1189 769 1242 equidem
806 1201 851 1229 ea
888 1189 935 1229 de
963 1202 1005 1229 re
1032 1190 1239 1228 accuratius
1268 1200 1460 1241 exponere
1487 1190 1623 1229 consi-

146 1244 235 1286 lium
263 1247 360 1297 cepi.
419 1245 647 1296 intelligens
662 1251 784 1285 autem
811 1257 888 1284 non
917 1257 984 1295 ea,
1015 1257 1086 1297 qua
1113 1257 1182 1297 par
1210 1250 1286 1294 est,
1316 1244 1506 1297 diligentia
1534 1244 1623 1284 edi-

147 1306 250 1340 tores
279 1302 317 1339 in
345 1301 528 1341 enotanda
559 1301 759 1341 lectionum
788 1302 967 1341 varietate
994 1306 1165 1340 versatos
1194 1311 1294 1350 esse,
1324 1313 1441 1353 quumv
1459 1301 1623 1354 saepius,

147 1355 223 1404 ubi¹
237 1355 320 1396 libri
348 1358 507 1399 maxime
535 1358 697 1407 variant,
739 1358 777 1397 in
815 1358 1026 1397 universum
1061 1362 1198 1397 tantum
1233 1356 1409 1400 afferant:
1465 1354 1562 1397 Mn.
1591 1368 1622 1396 ε.

148 1412 242 1452 edd.
271 1416 361 1451 velt.
391 1425 421 1452 s.
441 1411 525 1452 ‘alia‘
552 1411 667 1458 libr-i.
710 1413 920 1464 multaeque
945 1413 1140 1452 lectiones
1177 1419 1240 1451 aut
1273 1412 1369 1451 falso
1404 1412 1454 1451 ab
1489 1413 1535 1451 iis
1562 1417 1626 1451 aut

149 1473 252 1508 certe
280 1480 355 1508 non
383 1469 473 1508 satis
502 1474 678 1508 accurate
697 1474 904 1518 euotentur,
933 1474 996 1508 aut
1013 1468 1123 1520 plane
1143 1469 1366 1518 omittantur,
1385 1465 1444 1516 ιδι)
1474 1468 1522 1508 ad
1532 1467 1624 1508 'illos

147 1525 254 1576 ipsos
281 1524 355 1563 adii
384 1524 514 1574 libros,
553 1525 590 1564 in
619 1524 751 1576 quibus
779 1525 904 1564 variae
932 1524 1116 1564 lectiones
1145 1524 1192 1564 ab
1220 1525 1278 1574 iis,
1317 1525 1380 1576 qui
1407 1523 1532 1564 fontes
1559 1522 1623 1564 ἰιι-

149 1586 351 1632 spexerunt
377 1586 439 1619 aut
467 1579 689 1635 collationes
716 1586 963 1633 acceperunt,
991 1581 1149 1632 primum
1177 1581 1502 1620 communicantur.
1543 1577 1624 1620 Sed

149 1647 261 1687 quum
296 1635 370 1676 hoc
405 1637 442 1675 in
478 1637 632 1686 negotio
663 1632 743 1686 j'am
779 1647 848 1688 per
883 1647 927 1676 se
954 1635 1070 1686 longo
1097 1635 1219 1675 multis
1246 1635 1343 1675 locis
1371 1647 1622 1684 occurrerem,

149 1690 282 1742 quibus
318 1691 413 1730 aliae
449 1691 496 1730 ab
532 1691 612 1730 aliis
648 1690 830 1730 lectiones
864 1703 914 1757 ex
950 1691 1083 1731 iisdem
1120 1691 1231 1730 libris
1251 1690 1419 1743 prolatae
1447 1697 1545 1741 sunt,
1562 1688 1622 1739 ιο)

149 1814 266 1846 thone:
276 1813 387 1847 Vaed.
397 1812 440 1845 Ν.
447 1813 491 1848 V.
498 1814 549 1855 T.,
574 1813 632 1853 qui
649 1813 784 1852 quidem
808 1814 896 1855 libri,
921 1818 959 1846 ut
971 1814 1070 1846 codd.
1083 1814 1124 1846 1..
1135 1814 1199 1845 Ar.
1224 1814 1292 1846 Bb.
1315 1813 1372 1854 nj.
1395 1814 1500 1846 vind.
1512 1814 1624 1857 negli-

147 1862 270 1901 genter
293 1859 434 1891 collatos
458 1859 619 1902 omittam,
623 1861 686 1903 ab
710 1868 752 1892 eo
775 1856 1022 1902 intelliguntur,
1047 1868 1149 1899 quum
1173 1857 1294 1892 Hm‘tlae.
1317 1869 1361 1892 ex
1375 1860 1443 1892 Vb.
1459 1861 1553 1902 Aug.
1569 1859 1623 1901 F.,

147 1903 256 1937 Mam.
281 1914 324 1938 ex
347 1905 455 1946 Mon„
486 1903 598 1937 Vuieh.
629 1914 672 1937 ex
694 1905 739 1939 11.
763 1909 797 1937 et
819 1899 871 1937 St.
894 1906 1024 1937 alferat.
1070 1906 1179 1938 Vides
1211 1914 1321 1944 paene
1351 1914 1470 1937 omnes
1494 1906 1622 1940 sensim

149 1949 249 1982 codd.
273 1958 293 1981 a
305 1948 398 1982 Gerl.
415 1950 558 1990 optimos
573 1950 703 1992 vocari,
727 1950 828 1982 etiam
843 1959 916 1993 eos,
941 1959 1027 1988 quos
1043 1950 1077 1981 in
1095 1947 1319 1983 deterioribus
1333 1949 1439 1983 refert
1454 1951 1624 1990 quibusve

148 1996 240 2028 baud
264 2004 423 2048 magnam
444 1996 561 2028 tribuit
583 1997 829 2028 auctoritatem.
876 1995 916 2028 C.
930 1992 978 2027 20
999 2000 1110 2034 autem
1134 1994 1352 2033 accipiundis
1375 1997 1481 2029 edidit
1505 2005 1525 2029 e
1549 1998 1623 2028 solo

147 2040 203 2082 F.,
227 2049 257 2072 c.
280 2037 325 2072 ‘25
349 2039 496 2082 impune,
520 2051 585 2073 οιιι.
598 2045 659 2082 est,
684 2049 727 2073 ex
739 2042 816 2073 edd.
829 2041 911 2073 Nor.
924 2045 959 2073 et
970 2041 1079 2081 Rom„
1104 2050 1133 2072 c.
1146 2036 1191 2072 33
1214 2039 1458 2080 inarantibus
1480 2051 1501 2073 e
1524 2042 1623 2073 codd.

147 2086 192 2119 Ν.
207 2085 248 2119 F.
261 2087 300 2120 T.
345 2079 435 2118 Dum
460 2095 558 2126 porro
584 2095 614 2118 c.
637 2082 701 2128 43,
725 2087 784 2118 ubi
806 2085 896 2119 Ante
911 2086 980 2118 Vd.
1003 2089 1039 2118 et
1060 2085 1108 2118 Μ.
1139 2087 1321 2129 praebent,
1355 2085 1451 2119 Aleis
1473 2087 1508 2119 in
1531 2088 1622 2128 opti·
1643 2102 1647 2106 ·

148 2131 213 2163 mis
248 2131 342 2164 libris
367 2135 502 2164 exstare
526 2133 624 2170 dicit,
659 2136 772 2164 tamen
802 2141 832 2164 c.
857 2128 901 2164 10
929 2132 1112 2167 lectionem
1141 2130 1285 2169 fortuitu
1316 2134 1350 2163 in
1380 2133 1498 2164 iisdem
1523 2133 1623 2164 codd.

149 2176 283 2209 obviam
308 2180 426 2220 contra
448 2178 513 2208 bos
538 2178 680 2229 optimos
707 2178 844 2216 recepit.
897 2177 1121 2209 Pertinaciter
1144 2178 1296 2208 defendit
1320 2187 1351 2208 c.
1373 2172 1419 2208 39
1452 2181 1544 2209 retro
1566 2187 1623 2209 se-

149 2224 307 2262 quuntur,
330 2229 360 2254 c.
384 2218 430 2253 42
451 2221 644 2264 neraeeoimrj
669 2225 785 2253 contra
808 2221 884 2254 sine
907 2217 1004 2253 libris
1028 2222 1150 2254 ediditx
1173 2230 1284 2263 gemas
1297 2222 1389 2261 [est]
1412 2219 1495 2264 αἳ,
1519 2231 1624 2255 accu-

148 2267 256 2300 ratius
281 2266 499 2300 considerare
522 2268 656 2300 debuit.
693 2276 723 2300 ‹-
746 2263 793 2300 20
816 2272 976 2308 tanquam
999 2273 1034 2300 et
1056 2266 1093 2299 t'n
1114 2266 1275 2309 animum,
1311 2276 1341 2299 c.
1360 2264 1406 2299 37
1428 2267 1523 2306 pulsa·
1542 2267 1625 2301 inae

149 2323 177 2344 s.
199 2320 280 2346 nun
306 2315 371 2344 etc.

246 2377 298 2419 Ν)
322 2379 439 2412 Facile
462 2380 497 2411 id
520 2380 704 2423 intellig-08.
715 2380 757 2412 si
782 2390 824 2412 ex
847 2390 900 2423 gr.
924 2382 1087 2413 lectiones
1112 2381 1264 2411 codicum
1289 2380 1424 2413 Arund.
1448 2385 1484 2413 et
1493 2381 1623 2422 namo„

150 2426 277 2466 quippe
301 2434 390 2463 quae
412 2428 452 2456 ut
469 2424 540 2464 jam
561 2427 605 2455 ab
628 2426 714 2457 ΑΜ.
738 2426 913 2458 Gronovio
937 2430 971 2458 et
986 2426 1103 2479 Lipsio
1127 2425 1249 2457 aliaue
1272 2428 1429 2457 omnibus
1453 2427 1624 2458 recentio-

147 2471 244 2503 ribus
267 2471 454 2504 editoribus
476 2473 578 2503 notae
601 2480 682 2504 esne
699 2476 859 2515 possent,
883 2481 958 2504 cum
971 2471 1183 2513 gravissimis
1194 2472 1357 2514 Ernestii,
1375 2472 1485 2515 Pasa,
1506 2472 1610 2505 nese.
1601 2494 1624 2514 .‚

147 2517 302 2558 Waitb„
331 2517 423 2557 Rup-
413 2539 443 2559 .,
473 2516 567 2550 (ἔοι-1.
597 2518 676 2550 edd.
699 2520 924 2559 comparabis.
975 2518 1027 2549 Ex
1050 2518 1206 2548 omnibus
1228 2521 1301 2549 tum
1323 2518 1458 2550 videbis
1474 2495 1625 2550 ’maxine

148 2562 332 2604 lupatio,
369 2564 431 2593 sed
462 2570 507 2594 ne
537 2563 617 2593 hnic
645 2563 782 2603 quidem
812 2572 947 2604 semper
977 2556 1075 2594 iidem
1107 2563 1296 2606 habendam
1327 2569 1417 2595 esse.
1469 2563 1553 2596 Em.
1582 2572 1625 2596 ex

153 2605 266 2638 ltamb.
296 2608 462 2649 integram
494 2609 713 2640 varietatem
722 2614 903 2650 propterea
935 2609 1060 2670 attulit,
1091 2609 1181 2647 quod
1206 2604 1324 2640 omnes
1347 2609 1458 2649 Lipsii
1481 2610 1625 2642 adnun-

149 2652 259 2683 tiones
283 2652 317 2683 in
342 2654 396 2684 ed.
420 2662 484 2684 sna
507 2654 698 2693 descripsit.
1570 2674 1572 2677 ·

249 2715 302 2756 ¹⁶)
326 2719 451 2750 Variae
463 2720 553 2763 illae,
579 2721 622 2753 de
647 2722 770 2760 quibus
794 2730 899 2762 snpra
905 2721 995 2763 dixi,
1021 2721 1184 2753 lectiones
1209 2721 1282 2753 suis
1300 2722 1384 2754 locis
1401 2731 1532 2755 summa
1546 2731 1623 2764 cum

151 2765 316 2807 religione
341 2765 534 2797 afferentur.
1560 2784 1566 2788 ·
