1730 2851
849 64 883 114 2

127 223 245 266 Taciti
264 222 469 276 descriptio
487 222 736 264 conlimatur.
786 222 916 277 ltaque
935 223 1066 278 procul
1085 221 1198 279 dnbio
1217 220 1469 282 unusquisque
1485 229 1604 278 opta-
1674 240 1676 243 ’

126 279 236 330 verit,
262 284 304 319 ut
329 277 579 328 hiclibellus,
614 278 665 319 ad
692 283 909 319 contextum
937 279 1039 333 qnod
1073 279 1215 329 attinet,
1250 280 1360 332 quam
1386 279 1605 334 purissimus

128 340 167 374 et
194 333 515 376 emendatissimus
542 333 697 374 traditus
724 333 836 374 nobis
863 336 923 375 sit.
982 334 1061 376 Sed
1078 347 1140 376 res
1167 336 1217 374 ita
1235 346 1312 375 non
1329 334 1462 386 hab'et3
1489 338 1603 379 inmo

127 403 190 431 ars
225 391 355 431 critica
392 392 431 431 in
465 390 632 431 diversas
666 391 706 430 in
744 402 793 430 eo
829 390 980 431 vacillat
1013 393 1129 445 partis
1172 396 1210 430 et
1243 392 1404 432 maxime
1441 392 1603 434 fluctuat.

127 447 300 500 Longum
329 447 427 487 enim
453 459 523 500 per
549 452 696 500 tempus
722 447 833 500 pauci
872 452 1012 487 tantum
1047 447 1156 488 codd.
1186 445 1277 487 uss..
1307 446 1470 500 edd.que
1496 454 1602 498 vett,

129 515 153 543 e
181 503 315 555 quibus
342 504 536 555 scripton's
562 502 679 542 verba
706 504 997 554 restituerentur,
1026 505 1105 544 noti
1133 509 1236 543 erant
1261 501 1361 555 iiq‘ue
1389 510 1448 544 sat
1474 502 1603 556 negli-

129 564 265 610 genter
291 557 417 598 collati
424 571 437 607 ;
473 557 543 598 sed
569 570 617 597 ne
645 563 772 597 nostra
799 558 950 610 quidem
979 564 1114 609 aetate,
1143 570 1215 611 qua
1244 564 1282 598 et
1308 570 1482 599 numerus
1509 560 1603 600 fon-

128 615 218 654 tium
247 613 447 654 crescebat
479 619 518 653 et
545 614 667 670 major
692 614 730 672 in
751 613 815 707 ll?
843 625 897 670 co¹
967 614 1104 672 randis
1130 614 1319 666 diligentia
1347 613 1603 664 adhibebatur,

128 681 192 709 res
218 669 267 709 ad
295 669 406 708 linem
433 674 494 708 est
518 668 715 721 perducta.
807 680 868 708 am
966 679 993 708 ‘e
1023 670 1157 722 cquue
1185 669 1297 709 lectio
1326 671 1494 709 maxime*
1514 669 1603 722 pla-

129 730 248 775 ceret,
284 724 332 764 ab
361 723 570 765 editoribus,
600 730 754 777 recepta
783 730 860 774 est;
910 726 997 777 quin
1033 726 1145 765 etiam
1181 727 1419 776 conjecturae
1455 726 1604 771 minime

129 782 368 821 necessariae
394 781 432 819 in
461 786 677 829 contextum
705 780 828 820 illatae
857 786 953 820 sunt.
1021 780 1094 830 Qui
1123 793 1213 825 vero
1242 781 1289 821 ad
1317 782 1488 821 codicum
1517 773 1601 822 edd.

128 849 202 889 que
230 841 319 877 vett.
349 835 461 876 {idem
487 834 654 876 libellum
681 837 906 876 constituere
944 835 1152 887 voluerunt,
1189 843 1264 877 tam
1298 837 1446 889 linguae
1481 837 1603 888 leges,

128 893 305 945 imprimis
333 890 491 932 Tacitini
507 893 702 932 ‘sermonis
729 905 849 942 usum,
880 904 989 944 quam
1017 905 1168 943 nexum,
1198 894 1260 945 qui
1289 899 1347 933 est
1373 895 1468 933 inter
1492 892 1603 933 codi-

129 961 197 988 ces
225 954 265 988 et
289 949 385 988 inter
412 947 498 988 edd.
518 954 608 987 vett.
629 950 745 1000 ipsas,
773 948 976 1000 harumque
995 950 1178 1000 originem
1201 961 1331 1002 parum
1357 948 1606 1000 intelligentes

128 1003 359 1056 quorundam
385 1003 562 1044 librorum
591 1005 799 1043 auctoritati
825 1005 975 1044 nimium
1000 1004 1204 1044 tribuerunt
1231 1010 1270 1044 et
1287 1010 1485 1058 propterea
1503 1003 1604 1044 mul-

128 1063 176 1100 tis
203 1060 301 1100 locis
328 1072 405 1100 non
431 1071 543 1100 veras
570 1066 795 1112 receperunt
821 1059 1024 1110 lectiones;
1054 1060 1115 1100 alii
1145 1061 1255 1101 etiam
1282 1061 1469 1101 historiae.
1487 1062 1604 1112 igno-

127 1118 271 1156 ratione
297 1115 437 1156 inducti
463 1121 548 1155 sunt
574 1116 613 1155 in
640 1127 804 1155 errores.
843 1126 849 1130 ·
871 1115 1125 1156 Fundamento
1154 1118 1265 1167 igitur
1292 1119 1383 1157 satis
1410 1117 1515 1157 firmo
1543 1128 1605 1156 ars

129 1173 259 1212 critica
285 1172 323 1211 in
349 1171 426 1212 hoc
452 1170 580 1212 libello
608 1170 731 1211 adhuc
759 1170 938 1220 careban
961 1177 1188 1224 quapropter
1205 1172 1276 1212 hac
1296 1173 1606 1216 commentatione

129 1228 177 1269 ad
206 1232 420 1268 contextum
448 1222 745 1268 constituendum
774 1226 967 1277 symbolas
985 1227 1164 1278 quasdam
1182 1227 1272 1267 dare
1293 1227 1487 1268 consilium
1506 1228 1602 1280 cepi.

129 1284 253 1324 Antea
279 1294 372 1322 vero
400 1284 489 1322 artis
517 1283 670 1322 criticae
698 1284 735 1322 in
763 1288 893 1323 nostro
921 1281 1049 1322 libello
1077 1281 1280 1332 factitatae,
1308 1289 1348 1323 ut
1371 1288 1491 1323 status
1508 1283 1604 1333 ejus,

129 1340 192 1391 qui
227 1350 324 1378 nunc
360 1344 431 1388 est,
470 1344 575 1379 recte
613 1338 851 1389 intelligatur,
890 1338 1095 1387 historiam,
1133 1340 1362 1389 gravissimis
1399 1339 1606 1392 quibusque

128 1394 249 1433 allatis
277 1399 317 1432 et
342 1394 553 1441 recensitis,
588 1393 677 1431 mihi
711 1393 823 1431 liceat
848 1395 982 1444 paucis
1008 1395 1258 1444 praemittere,
1297 1406 1346 1432 ex
1374 1405 1459 1444 qna,
1495 1405 1605 1444 qnam

128 1461 220 1490 vere
247 1447 309 1489 illa
337 1449 375 1490 in
402 1449 615 1489 universum
643 1447 742 1488 dicta
769 1449 855 1498 sint,
885 1447 996 1488 facile
1026 1454 1291 1500 cognoscetur.
1363 1448 1446 1489 Nec
1482 1454 1604 1489 tamen

128 1519 150 1546 a
179 1508 294 1547 Beate
323 1507 503 1546 Rhenaao
542 1511 581 1544 et
618 1507 729 1545 lusto
758 1506 897 1555 lipsio,
937 1505 1165 1557 principibus
1200 1505 1271 1545 illis
1307 1505 1423 1545 Taciti
1452 1517 1605 1558 operum

128 1562 281 1611 criticis,
317 1561 504 1613 incipiam,
542 1561 640 1613 quia,
680 1560 728 1600 ad
755 1566 917 1600 aetatem
951 1561 1052 1613 quod
1086 1562 1229 1611 attinet,
1266 1573 1394 1601 eorum
1422 1561 1605 1602 editiones

127 1620 165 1658 in
200 1623 369 1657 veterum
404 1616 490 1657 edd.
528 1628 681 1656 numero
718 1616 938 1656 referendae
972 1623 1058 1656 sunt
1094 1623 1146 1667 et,
1189 1630 1299 1670 quum
1336 1618 1486 1662 maximi
1516 1617 1605 1658 mihi

126 1674 296 1714 videatur
321 1674 499 1713 momenti
526 1684 615 1711 esse
643 1684 894 1723 cognoscere,
936 1672 1069 1725 quibus
1096 1672 1202 1713 libris
1229 1675 1378 1725 scriptis
1406 1673 1468 1713 vel
1497 1673 1605 1714 editis

127 1729 180 1769 illi
207 1730 266 1768 usi
293 1730 378 1777 sint,
406 1728 631 1779 singularem
658 1728 731 1767 hac
758 1728 805 1768 de
833 1741 876 1768 re
904 1730 1163 1780 quaestionem
1192 1729 1319 1769 facere
1340 1731 1526 1779 constitui,
1554 1741 1604 1768 ne

127 1784 314 1837 ejusmodi
340 1784 538 1831 dictiones,
632 1783 710 1823 ales
738 1784 848 1823 etiam
875 1785 913 1823 in
942 1785 1200 1824 recentissima
1228 1783 1415 1828 Gerlachii
1442 1785 1605 1824 editione

128 1842 379 1889 inveniuntur,
427 1846 467 1879 ut
503 1836 587 1878 c.4
624 1853 634 1879 :
674 1852 730 1879 ex
768 1852 857 1891 quo
895 1839 1028 1880 fonte
1065 1840 1278 1880 Rhenani
1322 1841 1605 1891 conjectura

128 1898 172 1938 in
200 1909 246 1935 eo
274 1896 444 1936 hausta
473 1896 554 1945 sit,
585 1895 805 1948 equidem
839 1897 1043 1945 nescio.,
1074 1901 1113 1936 et
1143 1908 1177 1935 c.
1207 1892 1283 1935 43:
1313 1896 1431 1935 haud
1466 1896 1605 1936 dubie

125 1952 377 1994 Rhenanus
404 1954 622 2004 reynantm·
650 1964 672 1991 e
702 1951 951 1993 codicibus
987 1951 1167 2002 edidit„
1198 1953 1235 1992 in
1262 1958 1453 2004 posterum
1482 1952 1605 1992 denuo

126 2014 352 2061 repetantur.
410 2008 658 2048 Transeamus
694 2008 804 2057 igitur
840 2009 962 2048 statim
999 2008 1047 2048 ad
1083 2021 1168 2048 eum
1205 2010 1334 2057 virum,
1373 2010 1480 2059 cujus
1507 2010 1605 2048 notis

67 2090 71 2093 <
127 2064 279 2111 ductum
317 2066 354 2103 in
391 2063 512 2104 multis
548 2076 592 2103 se
619 2063 845 2116 profecisse,
887 2065 926 2104 in
952 2064 1169 2117 quibusdam
1196 2065 1415 2104 sententiam
1442 2070 1605 2105 mutasse
1656 2072 1658 2074 ’

126 2120 274 2174 Lipsius
302 2121 386 2171 ipse
413 2121 450 2158 in
476 2118 703 2159 allocutione
730 2121 932 2160 novissima
961 2120 1132 2160 editionis
1160 2120 1278 2160 Taciti
1313 2121 1474 2171 ingenue
1502 2120 1604 2160 fate-

127 2174 275 2225 tur-,md
304 2176 476 2216 oartiam
503 2176 717 2216 Pichenam.

240 2229 460 2270 Ptodiemnt
486 2230 558 2269 hae
584 2230 771 2270 Pichenae
805 2236 917 2270 notae
946 2232 1102 2282 primum
1129 2230 1355 2280 Florentiae,
1391 2237 1467 2270 tum
1494 2230 1603 2270 Han·
1679 2267 1684 2273 .

127 2297 292 2325 noverae
313 2281 437 2335 1604,
457 2282 497 2325 8.
509 2298 522 2335 ;
552 2285 622 2325 sed
640 2287 720 2336 jam
748 2297 847 2330 anno
868 2282 978 2325 1607
997 2288 1116 2339 ipsam
1134 2286 1253 2327 Taciti
1280 2298 1435 2339 operum
1462 2286 1604 2326 editio-

129 2354 215 2381 nem
242 2341 304 2381 hic
330 2342 388 2381 vir
416 2341 549 2381 doctus
576 2341 811 2383 Francofurti
838 2342 938 2395 apud
967 2341 1095 2382 Claud.
1126 2342 1318 2392 narnium,
1347 2339 1388 2382 4.
1417 2343 1455 2382 ἰιι
1481 2341 1604 2382 lucem

128 2399 261 2438 emisit.
319 2397 381 2437 Ad
407 2398 671 2438 restituendum
701 2396 920 2440 Germaniae
949 2403 1163 2439 contextum
1191 2404 1315 2438 tamen
1342 2397 1440 2438 nulla
1467 2398 1540 2438 alia
1567 2400 1604 2439 ei

126 2459 280 2506 praesto
299 2458 404 2492 erant
421 2452 599 2502 subsidia,
628 2466 736 2505 quam
765 2454 913 2494 editio
942 2453 1196 2507 Puteolani
1223 2453 1408 2494 Veneta
1436 2450 1604 2495 a..1497

129 2516 174 2549 et
212 2509 278 2550 ed.
314 2508 650 2549 Bononiensis.
693 2508 731 2558 ¹)
807 2509 867 2550 Ex
903 2509 1035 2563 quibus
1072 2511 1143 2552 etsi
1178 2508 1372 2550 nonnullas
1406 2509 1603 2561 lectiones,

225 2641 255 2681 ¹)
278 2644 333 2677 Cf.
357 2644 412 2676 ed.
426 2643 575 2684 Gruteri,
601 2643 759 2676 Francof.
776 2641 878 2688 1607,
901 2641 949 2686 8.,
973 2654 1007 2684 p.
1019 2641 1100 2685 381,
1123 2645 1182 2676 nbi
1205 2646 1291 2677 haec
1313 2647 1421 2678 verba
1442 2646 1604 2689 leguntur

130 2688 319 2721 Pichenae:
347 2690 437 2722 Huc
466 2690 535 2727 (sc.
567 2690 608 2721 ad
645 2690 734 2722 duos
765 2691 862 2723 codd.
889 2691 1039 2723 [florent.
1069 2690 1162 2722 Ann.
1191 2695 1226 2722 et
1255 2691 1341 2723 Hist.
1370 2692 1604 2729 continentes)
