1730 2851
829 121 896 170 29

127 296 160 324 a.
194 277 317 330 1843,
347 281 413 330 Ν,
442 278 483 331 2,
513 293 549 334 p.
580 277 667 320 615
700 282 804 319 intra*
821 292 938 320 annos
970 276 1260 320 1447—1455
1287 280 1457 321 codicem
1486 281 1598 321 dete-

127 345 226 378 ctum
239 340 341 384 ,resse
370 343 501 376 censet
509 351 520 386 3
571 337 642 376 sed
668 337 704 375 in
733 336 793 376 illa
823 342 909 375 nota
937 336 1128 388 profectus
1156 335 1302 388 quidem
1331 349 1417 376 esse
1434 343 1600 390 -tempo-

128 394 228 435 ribus
256 393 403 435 Nicolai
430 394 479 443 V,
517 394 706 432 invenisse
733 404 825 432 vero
863 392 1034 432 codicem
1071 391 1194 444 paullo
1223 398 1311 444 post
1343 392 1466 434 Barth.
1497 393 1601 433 Facii

126 456 282 490 mortem
312 451 423 488 certis
441 449 568 489 verbis
587 448 695 487 Enoc
714 447 923 487 Asculanus
943 448 1083 487 dicitur.
1140 448 1268 500 Itaque
1296 460 1372 487 non
1399 455 1470 497 est,
1499 449 1602 501 quod

126 517 272 555 annum,
289 517 376 557 *quo
404 503 729 545 Bal-tholomaeum
756 509 937 543 mortuum
966 516 1054 543 esse
1082 503 1301 544 Tiraboschi
1328 504 1430 554 dicit,
1459 506 1496 544 in
1524 504 1600 545 du-

126 562 341 602 bitationem
376 572 569 600 vocemus.
592 581 663 589 1—
701 559 826 599 Locus
853 571 958 609 vero,
994 559 1058 599 ubi
1086 559 1210 600 codex
1243 559 1305 600 ille
1332 561 1501 600 inventus
1529 567 1600 609 est,

128 617 323 658 Germania
359 616 504 656 videtur
540 627 642 666 esse,
688 627 800 668 quum
835 614 945 656 Enoc
977 615 1185 656 Asculanus
1220 628 1243 656 e
1279 615 1396 656 Gallia
1432 616 1528 657 hanc
1565 619 1602 657 in

127 672 262 715 terram
289 674 604 727 proficisceretur,
634 671 703 711 sub
733 673 842 712 finem
870 677 993 712 autem
1021 674 1160 713 itineris
1188 674 1258 722 sui,
1295 673 1397 725 quod
1418 675 1499 724 jam
1527 673 1600 713 Ni-

128 731 224 770 colai
251 730 288 769 V
315 728 547 781 temporibus
574 730 716 779 inierat,
747 728 818 768 hos
846 727 994 768 libellos
1022 729 1190 769 videatur
1217 729 1417 768 detexisse.
1474 765 1478 766 ⁷

237 786 322 826 Jam
359 797 429 838 per
463 797 506 825 se
542 785 688 837 planum
728 791 787 824 est
821 797 952 825 omnes
987 791 1137 826 nostros
1168 784 1386 825 Germaniae
1414 785 1525 826 codd.
1554 798 1602 825 ex

127 844 202 882 hoc
239 841 444 893 exemplari
478 841 652 890 fluxisse3
701 841 750 880 ad
775 841 951 894 liquidum
977 853 1081 880 vero.
1098 854 1160 881 res
1189 841 1402 894 perducitur
1430 842 1603 881 codicum

105 901 337 937 ‘nostrorum
371 895 519 936 indole.-
584 896 626 936 In
661 898 804 936 cunctis
824 898 936 936 *enim
975 896 1085 936 codd.
1123 897 1278 948 dialogi*
1298 897 1346 937 de
1385 902 1493 937 oratt.
1530 897 1603 937 sub

128 954 237 993 finem
267 966 300 992 c.
322 949 379 992 35
413 963 549 1002 magna
583 958 642 991 est
674 952 820 1000 lacuna,
864 958 903 1000 et
936 953 1074 1004 pariter
1109 952 1228 992 nullus
1264 952 1357 994 uss.
1388 954 1604 993 Suetoniani

128 1008 244 1048 libelli
278 1009 326 1048 de
360 1007 468 1047 rhett.
506 1009 601 1047 vitas
635 1007 795 1056 illorum,
831 1008 894 1059 qui
929 1009 967 1047 in
1000 1007 1124 1047 indice
1159 1008 1311 1060 reliquis
1345 1008 1602 1060 adjunguntur,

127 1064 299 1105 undecim
326 1064 513 1104 rhetorum
542 1064 719 1104 continet.
782 1063 928 1103 Deinde
957 1075 1032 1103 non
1059 1066 1189 1117 paucis
1216 1064 1312 1104 locis
1341 1076 1472 1104 omnes
1501 1063 1603 1104 Ger-

127 1122 272 1160 maniae
300 1120 410 1159 codd.
431 1119 521 1159 Mss.
553 1125 591 1158 et
620 1119 703 1159 edd.
734 1125 823 1159 vett.
853 1119 985 1161 eadem
1013 1123 1154 1160 ratione
1183 1121 1373 1172 depravati
1401 1127 1497 1170 sunt,
1528 1133 1602 1160 cu-

123 1179 187 1228 jus
223 1178 277 1216 rei
315 1187 428 1215 causa
462 1174 560 1215 haud
596 1174 706 1215 dubie
739 1176 778 1215 in
812 1177 997 1215 communi
1033 1187 1156 1228 eoque
1192 1181 1366 1229 corrupto
1390 1178 1470 1228 jam
1498 1176 1603 1216 fonte

129 1232 340 1285 quaerenda
369 1238 438 1270 est.
496 1233 590 1271 Sunt
616 1237 738 1270 autem
767 1232 804 1270 hi
831 1233 1031 1283 praecipue
1059 1232 1148 1282 loci,
1177 1245 1272 1284 quos
1297 1233 1414 1273 falsos
1434 1245 1522 1272 esse
1540 1239 1604 1272 aut

128 1301 259 1327 omnes
293 1293 354 1327 aut
388 1287 552 1326 nonnulli
588 1293 691 1339 certe
736 1286 900 1326 editores
937 1289 1017 1338 jam
1053 1287 1192 1328 elocuti
1227 1294 1312 1328 sunt
1344 1288 1407 1328 vel
1439 1289 1602 1342 receptis

128 1345 209 1384 aliis
236 1343 458 1384 lectionibus
488 1349 774 1383 concesserunt:
806 1341 865 1391 2⁹)

243 1400 286 1439 C.
316 1396 346 1438 6
370 1397 487 1450 qulee
523 1401 576 1438 in*>
596 1399 765 1438 omnibus
800 1398 905 1438 libris
941 1404 1084 1448 exstat,
1106 1406 1269 1452 excepto
1305 1399 1370 1449 T.‚
1409 1401 1471 1452 qui
1498 1405 1603 1439 recte

95 1454 246 1508 §yolea
273 1455 387 1495 habet
415 1467 437 1493 e
465 1456 714 1504 correctione,
745 1466 841 1506 quae
869 1466 945 1494 non
972 1456 1081 1494 unica
1110 1456 1147 1495 in
1176 1468 1224 1495 eo
1253 1462 1313 1495 est
1346 1453 1423 1504 ³⁰);
1464 1457 1603 1508 primus

128 1524 255 1551 veram
282 1511 483 1550 lectionem
511 1512 669 1550 restituit
695 1510 813 1550 Rhen.
845 1522 879 1549 a.
913 1507 1035 1559 1533,
1079 1511 1177 1550 bene
1205 1512 1333 1551 dicens
1363 1513 1603 1552 occasionem

129 1573 252 1607 errato
282 1566 432 1606 dedisse
447 1567 622 1618 priorem
650 1567 839 1617 sequentis
867 1565 1039 1605 vocabuli
1069 1568 1162 1619 equi
1189 1567 1345 1617 literam,
1384 1569 1602 1607 attractione

129 1625 241 1675 igitur
268 1629 388 1662 ortum
416 1634 504 1660 esse
532 1634 707 1660 errorem.
1327 1661 1332 1664 ,

243 1677 285 1716 C.
313 1674 367 1715 12
395 1678 431 1715 in
461 1676 630 1716 omnibus
657 1676 747 1716 uss.
779 1682 818 1715 et
843 1676 929 1715 edd.
955 1688 1034 1727 pro
1061 1675 1181 1715 modo
1205 1688 1426 1728 poenarum
1453 1677 1601 1729 legitur,

128 1746 197 1787 pro
227 1744 315 1786 quo‘
329 1731 519 1773 Acidalius
548 1732 635 1780 (cfr.
656 1732 739 1772 Val.
761 1732 871 1772 Acid.
893 1738 933 1772 et
958 1732 1009 1772 M.
1029 1732 1077 1773 A.
1097 1732 1231 1773 Mureti
1255 1739 1368 1774 notae
1394 1734 1430 1774 in
1457 1732 1501 1774 C.
1523 1733 1602 1774 Ta-

130 1792 192 1830 citi
220 1801 349 1842 opera,
379 1790 570 1828 Hanoviae
597 1785 722 1838 1607,
742 1785 781 1828 8.
814 1795 852 1828 et
877 1789 993 1829 Paris.
1016 1785 1141 1840 1608,
1169 1789 1251 1839 fol„
1279 1789 1341 1830 vel
1359 1790 1394 1830 J.
1416 1790 1476 1830 Fr.
1498 1789 1601 1830 Gro-

129 1848 230 1887 novii
258 1845 386 1895 editio,
415 1845 622 1885 Amstelod.
654 1841 777 1895 1635,
807 1842 868 1892 4.)
891 1857 973 1896 pro
1001 1845 1119 1884 modo
1143 1858 1287 1898 poena⁴
1305 1858 1396 1885 vere
1424 1848 1601 1898 conjecit,

129 1902 239 1954 quod-
258 1901 368 1950 Em,
404 1901 529 1951 Brot.,
566 1901 670 1953 Bip.,
708 1900 857 1950 Oberl.,
894 1901 984 1951 Bk„
1021 1901 1152 1950 Bred.,
1182 1901 1318 1951 Seeb.,
1351 1901 1486 1952 Wch.‚
1515 1902 1600 1955 Rp„

127 1958 229 1998 Gerl.
252 1964 290 1997 et
306 1957 435 1997 wssh.
456 1957 618 2009 amplexi
641 1963 736 1996 suut.
786 1956 984 1996 'Facillime
1012 1963 1134 1995 autem
1158 1969 1292 2007 poena
1318 1959 1356 1996 in
1378 1969 1602 2009 poenarum

130 2010 316 2065 corrumpi
343 2015 511 2065 potuisse
546 2014 799 2065 unusquisque
838 2012 1035 2061 concedet,
1071 2025 1181 2064 quum
1198 2013 1272 2052 §vel
1299 2013 1372 2052 duo
1402 2019 1602 2065 sequentes

130 2071 272 2108 numeri
304 2068 457 2121 pluralis
493 2070 654 2119 genitivi
680 2068 742 2107 vel
777 2068 1033 2107 antecedentia
1067 2067 1201 2107 verba:
1241 2081 1320 2119 pro
1347 2069 1478 2118 modo,
1505 2080 1602 2120 quae

131 2126 331 2176 genitivum
359 2124 552 2176 postulare
579 2124 803 2173 viderentur,
833 2125 1042 2164 mutationis
1070 2135 1183 2163 causa
1211 2124 1326 2163 fuisse
1355 2130 1501 2176 queant.

225 2278 276 2320 ”J
297 2281 457 2324 Longum
482 2285 535 2315 est
558 2282 623 2313 hoc
646 2282 721 2314 loco
746 2290 863 2314 omues
888 2290 1018 2324 eorum,
1044 2281 1102 2320 qui
1125 2281 1311 2321 scripturas
1335 2281 1495 2314 librorum
1520 2291 1604 2314 con-

131 2328 227 2360 tortis
252 2328 452 2368 plerumque
475 2328 757 2367 explicationibus
782 2328 1021 2363 defenderunt,
1057 2328 1242 2358 sententias
1266 2328 1476 2369 argumentis
1499 2329 1602 2360 refel-

131 2374 223 2415 lere3
258 2376 436 2412 corruptos
460 2373 524 2404 hos
547 2372 642 2404 locos
666 2382 746 2405 ease
769 2373 850 2404 mihi
874 2373 1009 2411 quidem
1035 2372 1328 2411 persuasissimum
1354 2376 1419 2404 est.

229 2436 280 2479 ⁸⁰)
303 2438 358 2472 Cf.
382 2447 412 2472 c.
428 2436 449 2470 7
472 2447 537 2471 nec
561 2438 797 2480 exiaerepro:
821 2444 890 2472 nuta
914 2438 1014 2480 erio„
1038 2439 1261 2471 antecedente
1284 2448 1361 2477 nec,
1395 2436 1483 2473 c.24
1506 2441 1605 2480 defe-

100 2478 113 2489 ‘
133 2483 243 2516 cerins
266 2494 343 2525 pro:
367 2485 576 2524 defecerunt,
613 2495 642 2516 c.
665 2482 712 2517 26
736 2489 770 2517 ee
792 2486 953 2517 vocabula
977 2493 1056 2524 prox
1080 2493 1122 2516 ac
1144 2493 1228 2524 voc„
1265 2494 1296 2516 c.
1318 2480 1365 2516 29
1388 2490 1607 2518 conteruntur

132 2536 211 2568 pro:
236 2534 506 2568 contemnuntur,
545 2539 574 2563 c.
594 2526 645 2561 34
668 2530 832 2562 claudum
854 2535 888 2562 et
923 2527 1009 2562 0.45
1032 2530 1237 2561 claemduntur
1260 2539 1337 2569 pro:
1361 2530 1505 2563 eludunt
1528 2535 1606 2570 etc„

132 2582 162 2605 c.
187 2570 234 2605 35
264 2574 299 2606 εἰ
327 2583 382 2606 res
408 2579 536 2614 nosmet,
568 2574 738 2607 exercitus
765 2574 931 2613 plurimus
958 2574 1104 2607 virorum
1136 2579 1202 2607 etc.
1233 2583 1312 2615 prox
1344 2574 1380 2607 εἰ
1399 2584 1455 2608 res
1476 2582 1605 2615 noscat,

132 2617 313 2661 exercitus,
336 2619 518 2660 plurimum
540 2619 641 2653 viror.
666 2625 745 2663 etc„
783 2629 812 2651 c.
828 2617 872 2652 37
896 2629 962 2652 non
986 2619 1156 2652 Sani-uices
1180 2629 1259 2660 pro:
1282 2629 1350 2652 m
1374 2620 1524 2659 Somnia,
1548 2623 1607 2660 qui

132 2665 230 2695 locus
254 2667 370 2696 nostro
394 2665 584 2697 simillimus
608 2670 674 2706 est,
698 2674 801 2705 quum
825 2667 953 2697 statim:
976 2674 1042 2697 non
1064 2664 1174 2698 Poeni
1194 2669 1370 2709 sequatur,
1419 2665 1482 2699 ο.4
1505 2675 1549 2698 ac
1570 2665 1607 2698 in

132 2707 301 2747 numid.
326 2717 403 2749 pro:
426 2715 529 2762 (teque
552 2715 629 2752 etc„
653 2715 687 2744 et
709 2712 983 2744 commendamus
1007 2720 1084 2750 pro:
1108 2711 1338 2752 ostendamus,
1386 2709 1474 2746 c.⁴2
1490 2711 1550 2749 jus
1574 2716 1607 2744 ee

132 2758 283 2792 nolentm
306 2762 384 2793 pro:
408 2764 458 2785 vn
482 2761 516 2786 e!
536 2760 604 2794 pol.
