1730 2851
805 57 871 107 16

97 215 184 256 dem
212 217 392 268 cognovi.
469 215 666 256 Difficilius
704 228 816 267 sane,
853 223 895 257 ut
919 229 982 257 res
1011 228 1108 266 nunc
1134 217 1265 268 habet,
1299 219 1488 270 negotium
1516 226 1575 259 est

95 269 360 324 nonnullaque,
390 282 488 323 quae
506 270 636 312 dubia
648 278 734 318 sunt
759 273 822 314 vei
849 275 993 326 interim
1010 271 1248 325 argumentis
1275 286 1350 315 non
1377 280 1452 315 tam
1480 286 1573 315 cer-

91 329 156 367 tis
171 327 385 370 confimari
410 333 580 393 poemat,
609 333 686 367 tun
712 327 879 378 tomas&
892 326 1184 379 ἰῘΙιιιιιι-ιίιιιιιιιιις
1210 335 1371 370 attamen
1390 330 1461 370 ubi
1486 332 1572 376 siu—

93 382 173 436 gdi
200 377 314 426 codd.
352 384 504 437 saepius
541 385 776 438 conspirant,
789 385 886 437 iam
920 397 1019 431 nunc
1053 391 1207 427 certum
1228 385 1277 429 de
1301 387 1375 428 iis
1393 385 1573 439 judicium

93 440 200 480 ferri
200 440 350 492 voterit
376 444 417 478 et
441 439 608 492 p,robari
631 446 676 480 et
702 441 855 480 omnino
876 444 996 481 totam
1024 441 1211 482 codicum
1222 440 1404 482 rationem
1422 436 1572 483 intelli-

94 502 189 547 gere
200 451 385 541 ¹¹'iicebit
440 493 588 536 Deinde
627 496 741 537 etiarn
775 495 824 536 de
851 496 994 541 ratione
1029 493 1126 538 inter
1159 495 1268 538 codd.
1299 503 1338 538 et
1364 497 1450 539 edd.
1480 504 1569 541 vett.

92 551 372 601 intercedente,
411 551 461 598 dc
487 562 560 604 qua
589 550 735 603 singula
763 557 902 592 tantiam
929 563 952 592 a
980 551 1144 611 singilis
1158 552 1299 609 judicia
1323 552 1444 593 adbuc
1471 566 1569 606 pro-

91 608 167 648 lata
193 611 279 647 sunt
304 608 428 660 neque
452 606 558 647 ullus
577 605 834 661 quaestionem
858 602 914 648 ad
956 618 1088 649 omnes
1115 608 1199 650 edd.
1229 609 1474 661 pertinentem
1502 610 1566 649 in-

92 663 226 714 stituit,
259 664 399 717 poterit
423 664 582 716 exponi,
603 670 658 704 ut
683 675 763 704 nno
785 669 961 721 aspectu,
997 665 1061 717 qui
1092 664 1177 705 edd.
1206 670 1297 706 vett.
1312 670 1379 705 et
1390 666 1486 708 inter
1526 678 1571 705 se

93 725 133 759 ct
159 729 253 759 cun
272 717 494 759 codicibus
511 719 757 770 cohaereant,
804 718 1067 772 cognoscatur.
1143 720 1227 760 Huc
1253 720 1422 770 accedit,
1470 721 1571 774 quod

93 775 142 815 de
172 773 357 816 Rhenano
394 780 434 815 et
471 774 599 841 Lipsio
633 776 843 815 accuratius
873 775 965 828 quid
1010 776 1145 817 afferre
1184 750 1439 816 necessarium
1483 776 1581 817 mihi'

91 830 255 881 videtur,
285 830 334 870 de
361 839 434 883 qua
461 842 504 870 re
526 831 606 898 jam
623 831 737 871 initio
765 830 853 871 dixi.
906 830 1045 884 Neque
1076 831 1239 873 inutilem
1267 843 1389 873 meam
1415 843 1570 885 operam

92 886 177 928 iore
220 892 421 940 propterea
456 887 627 940 speravi,
682 886 783 940 quod
825 898 902 928 non
943 887 1292 941 solum-septem
1333 888 1569 929 editiones

91 949 306 993 veteres,
342 954 439 995 quae
466 945 504 983 in
531 942 621 983 bibl.
660 955 746 995 reg.
770 943 921 984 Vratisl.
949 950 1117 994 exstant,
1153 944 1281 994 Nor„
1310 944 1405 992 Ριιι.
1436 944 1567 995 Ven.‚

91 999 223 1050 bion„
249 998 434 1049 vienn„
463 999 657 1050 sebum„
686 998 824 1040 Rben.
859 996 1007 1050 1533,
1037 999 1172 1052 Lips.‚
1202 1006 1353 1053 praesto
1372 1000 1568 1041 mihi-fue-

91 1061 187 1105 runt,
216 1053 286 1095 sed
303 1057 415 1095 etiam
434 1054 644 1108 exemplum
676 1055 858 1096 codicis
886 1055 998 1095 Ven.
1029 1062 1204 1100 accurate
1231 1058 1510 1109 transscriptum
1525 1063 1570 1096 ‘et

91 1111 520 1162 variantescodicum
547 1110 626 1160 St,
655 1110 770 1161 Tur„
798 1111 929 1151 Vind.
960 1111 1419 1165 editionisqueSpir.
1443 1112 1566 1152 denuo

92 1166 312 1208 coliatorum
338 1166 524 1207 lectiones
551 1165 715 1207 noudum
741 1167 951 1220 publicatae
964 1200 967 1202 .
980 1178 1011 1207 a‘
1030 1165 1237 1213 Passovio,
1265 1169 1346 1208 viro
1374 1168 1568 1208 humanis·-

91 1225 201 1272 simo,
230 1234 358 1274 gymn-
387 1222 565 1274 Meiniug.
594 1229 857 1275 praeceptore,
886 1236 936 1263 ex
963 1223 1064 1263 beati
1087 1225 1203 1276 patris
1230 1229 1408 1275 apparatu
1435 1226 1568 1263 critico

90 1281 128 1318 in
155 1288 267 1318 asum*
280 1289 405 1318 meum
425 1278 634 1330 permissae
659 1284 756 1329 sunt,
776 1277 911 1331 quibus
927 1278 1032 1318 libris
1058 1277 1205 1330 adjutus
1231 1290 1306 1318 non
1324 1279 1454 1332 paucis
1472 1279 1569 1318 locis

91 1334 277 1376 lectiones
305 1333 354 1375 ab
387 1334 471 1375 aliis
501 1333 659 1378 ‚traditas
702 1336 851 1376 correxi
892 1341 932 1375 et
972 1336 1009 1376 in
1043 1337 1253 1376 universum
1296 1337 1568 1381 accuratiorem

90 1397 182 1431 vett.
212 1390 368 1430 fontium
397 1392 653 1441 cognitionem
681 1400 761 1430 sum
794 1396 1001 1431 assecutus.
1060 1391 1127 1430 His
1155 1392 1266 1442 igitur
1293 1391 1341 1430 de
1369 1392 1493 1431 causis
1520 1391 1568 1431 de

92 1446 251 1488 consilio
279 1458 367 1487 meo
396 1458 473 1488 non
501 1446 638 1497 destiti,
668 1452 706 1487 et
724 1447 874 1500 quidem
894 1446 1135 1500 sequentibus
1154 1448 1309 1500 primum
1327 1452 1416 1488 vett.
1437 1447 1567 1498 libros,

91 1510 133 1543 ut
156 1515 234 1544 uno
263 1504 301 1543 in
328 1509 538 1555 conspectu
564 1504 710 1555 positos
737 1503 892 1553 babeas,
922 1504 1024 1555 quod
1050 1516 1133 1553 eae,
1163 1515 1256 1555 quas
1275 1505 1344 1543 viri
1363 1503 1463 1543 docti
1491 1503 1565 1542 ad-

92 1560 166 1599 huc
195 1558 389 1608 dederunt,
417 1564 508 1598 vett.
537 1558 713 1598 librorum
732 1558 1004 1612 descriptiones
1030 1560 1162 1611 partim
1191 1571 1266 1599 non
1294 1570 1425 1599 omnes
1451 1558 1568 1599 libros

91 1616 302 1665 continent„
323 1616 456 1668 partim
483 1614 723 1654 adumbratae
749 1621 888 1654 tantum
916 1627 963 1654 ac
989 1617 1273 1664 vitiosaegsung
1301 1627 1412 1667 quam
1438 1616 1568 1668 paucis

89 1676 236 1722 potest,
273 1669 520 1719 enumerabo,
551 1676 627 1709 tum
662 1670 710 1709 de
747 1671 892 1721 origine
926 1670 1098 1710 codicum
1132 1675 1243 1723 atque
1272 1670 1319 1709 de
1347 1669 1568 1722 corruptelis

90 1726 239 1767 locutus
266 1725 315 1767 ad
343 1724 530 1779 singulos
532 1724 643 1766 codd.
663 1725 853 1768 accedens
880 1738 931 1766 ex
947 1725 1168 1767 lectionibus
1196 1725 1424 1793 quorundam
1453 1737 1566 1772 com-

92 1781 263 1823 munibus
299 1782 457 1822 familias
486 1781 695 1822 describam
732 1788 770 1821 et
798 1781 966 1832 docebo,
1009 1794 1105 1834 quae
1141 1795 1190 1821 ex
1224 1782 1282 1821 his
1315 1784 1407 1834 ipsis
1440 1795 1567 1833 rursus

91 1839 301 1879 accuratius
330 1838 569 1889 cohaereant,
599 1849 696 1904 quae
722 1839 868 1891 priores
896 1849 1066 1892 quaeque
1093 1837 1281 1878 derivatae
1309 1837 1455 1879 demum
1482 1839 1565 1888 sint,

92 1896 200 1939 sicuti
234 1893 333 1934 unde
369 1895 576 1960 scripturae
611 1895 648 1934 in
679 1894 837 1934 diversis
863 1893 1009 1934 familiis
1038 1893 1172 1934 obviae
1200 1894 1274 1934 sint
1301 1889 1566 1946 explicandae3

91 1950 229 1990 deinde
255 1962 394 2000 nexus,
425 1951 490 2002 qui
516 1951 612 1990 inter
639 1949 750 1990 codd.
779 1949 865 1990 edd.
868 1962 942 2002 que
970 1955 1059 1990 vett.
1090 1955 1168 1999 est,
1198 1949 1505 2001 descriptionem,
1533 1951 1567 1989 si

89 2018 165 2046 non
189 2006 358 2057 longam,
394 2017 506 2058 quum
534 2006 693 2058 spatium
719 2011 845 2056 vetet,
869 2011 994 2045 tamen
1019 2007 1254 2072 perspicuam
1281 2003 1452 2058 proferre
1480 2010 1565 2044 stu-

89 2062 212 2112 debo,
232 2068 284 2112 ut,
313 2074 401 2101 num
419 2061 615 2103 codicibus
633 2067 672 2102 et
689 2061 860 2114 qualibus
888 2062 1052 2103 editores
1075 2063 1133 2101 usi
1152 2062 1236 2110 sint,
1264 2061 1403 2101 rectius
1425 2061 1566 2102 intelli-

88 2124 218 2170 gatur;
248 2117 410 2170 denique
436 2117 653 2170 particulam
682 2124 786 2157 certe
814 2129 979 2173 eamque
998 2118 1209 2169 graviorem
1236 2115 1491 2169 disputationis
1518 2117 1566 2157 de

89 2175 213 2227 pretio
240 2173 442 2214 lectionum
471 2173 658 2214 institutae
686 2178 725 2212 et
751 2173 806 2217 ad.
825 2179 1053 2226 postremum
1080 2174 1320 2226 quaestiones
1346 2173 1394 2213 de
1413 2172 1568 2223 singulis

89 2230 310 2282 quibusdam
337 2229 435 2269 locis
463 2223 738 2269 difficilioribus
762 2230 877 2269 modo
915 2230 1007 2279 hac,
1050 2229 1164 2269 modo
1192 2229 1254 2268 illa
1282 2241 1331 2268 ex
1357 2234 1463 2280 parte
1491 2228 1565 2268 de-

88 2291 253 2339 sumptas
281 2285 491 2337 adjungam.
