1730 2851
839 71 899 118 17

654 292 957 372 CAPUT
1013 293 1079 371 Ῑ.

127 426 360 493 ausvis
391 426 677 493 conicum
708 427 791 490 ET
825 372 981 491 nnn.
1003 426 1189 490 verr.
1206 422 1607 490 nuscmmo.

531 591 534 593 ·
613 572 697 618 A.
731 570 1118 619 voluens.

242 673 289 725 l)
319 676 645 726 stuttgardiensis
674 674 790 722 (st),
820 672 867 712 de
896 685 971 725 quo
1001 673 1050 712 cf.
1086 672 1196 713 Hess.
1218 672 1363 714 Comm.
1382 673 1413 721 1,
1441 686 1479 726 p.
1511 670 1534 712 l
1567 679 1606 713 et

127 731 181 783 11,
218 732 340 784 praef.
365 744 402 784 p.
433 730 498 780 111,
530 728 701 770 Gerlach.
731 728 865 782 praet,
895 741 932 782 p.
951 728 1058 777 XIII,
1097 729 1329 778 chartaceus,
1359 728 1417 768 Ne
1467 729 1532 778 oli,
1566 735 1605 768 ut

127 789 165 827 in
192 788 265 827 fine
292 787 566 827 libri.notatum
595 791 666 836 est,
695 784 848 825 saeculo
867 784 941 824 XV
960 786 1135 837 scriptus,
1165 796 1248 824 cum
1268 784 1394 825 titulo:
1536 782 1606 823 elit·

130 841 259 883 Tacita·
293 843 347 883 de
381 841 536 894 oriyt'ne
569 842 647 881 situ
682 849 732 887 (s.
762 846 845 890 os„
889 840 969 879 ritu
997 856 1028 880 ε.
1058 845 1123 885 G.)
1159 844 1199 879 et
1230 840 1402 881 moribus
1438 837 1603 880 Germa·

125 911 265 937 norum
289 897 463 950 feliciter
489 897 656 949 incipit„
694 898 886 938 continens
920 896 1033 936 multa
1068 898 1178 936 etiam
1212 896 1304 944 alia,
1339 909 1390 936 ex
1420 909 1482 948 gr.
1510 896 1601 937 Luc.

126 954 290 1003 Florum,
317 954 452 993 Rufum
481 954 648 1003 Sextum,
682 954 830 993 nomina
857 952 1075 992 Pontificum
1103 958 1143 991 et
1169 952 1446 1006 Imperatorum.
1497 952 1604 1001 Quae

127 1022 211 1051 cum
238 1022 358 1062 usque
385 1010 434 1049 ad
461 1022 495 1049 a.
528 1005 640 1049 1460
668 1010 895 1061 pertingant,
941 1014 1027 1048 ante
1063 1008 1138 1048 hoc
1165 1014 1312 1060 tempus
1338 1008 1472 1049 librum
1499 1009 1602 1049 scri-

125 1071 228 1117 ptum
247 1077 322 1106 non
343 1078 430 1104 esse
448 1065 559 1104 facile
577 1071 742 1117 apparet.
757 1062 820 1111 ²²)
847 1064 1046 1104 Lectiones
1059 1066 1166 1103 trium
1186 1064 1422 1104 collationum
1439 1076 1463 1104 a
1481 1065 1602 1104 See-

124 1121 267 1161 bodio
295 1127 387 1170 (5,),
416 1120 608 1160 Mosero
636 1126 726 1166 (M.)
754 1126 792 1159 et
812 1119 932 1160 Gerl.
953 1124 1039 1165 (G.)
1058 1120 1298 1160 institutarum
1322 1132 1433 1173 quum
1451 1121 1602 1173 saepius

125 1178 221 1217 inter
248 1189 291 1216 se
320 1177 507 1226 differant,
548 1182 654 1227 grata
682 1176 770 1216 mihi
797 1182 1027 1228 acceptaque
1060 1177 1221 1215 var-Ietas
1256 1175 1429 1216 lectionis
1457 1176 1526 1216 fuit
1551 1175 1600 1215 ab

76 1246 79 1247 ⁷
126 1232 292 1271 Osiand
303 1244 352 1271 ro
383 1237 497 1279 (οι),
530 1232 631 1271 Prof.
647 1233 799 1281 stuttg„
829 1231 877 1270 ad
906 1231 966 1270 ed.
999 1231 1125 1270 Oberl.
1156 1243 1206 1271 ex
1233 1243 1282 1270 eo
1312 1238 1474 1281 enotata,
1505 1243 1602 1283 quae

126 1286 429 1340 benignitate
467 1285 542 1327 Gu.
573 1286 808 1337 Passovii,
845 1299 880 1326 v.
922 1286 980 1337 d.,
1015 1287 1123 1327 mihi
1157 1288 1339 1341 permissa
1367 1292 1427 1328 est
1449 1294 1602 1340 'quaque

124 1343 248 1384 muln‘s
274 1344 321 1383 de
348 1344 443 1383 locis
473 1346 610 1384 certior
643 1344 764 1383 factus
800 1343 964 1382 intellexi
995 1355 1018 1383 a
1050 1345 1214 1384 virorum
1240 1343 1385 1383 illorum
1413 1343 1513 1383 nullo
1542 1355 1601 1393 ea,

125 1411 198 1451 qua
217 1411 285 1452 par
302 1405 373 1449 est,
394 1399 429 1439 d·
447 1401 454 1409 '
485 1401 583 1439 ent-ia
601 1399 773 1439 codicem
791 1410 880 1438 esse
898 1405 1162 1451 comparatum.
1199 1398 1443 1441 Nihilominus
1461 1400 1601 1439 etiam-

125 1467 222 1499 nunc
250 1467 371 1495 novae
400 1467 447 1496 co
499 1456 590 1496 tioni
616 1454 729 1495 multa
756 1460 841 1495 sunt
866 1454 1008 1495 relicta.
1346 1455 1348 1457 ’

237 1508 287 1559 2)
316 1513 601 1552 Eumenous
620 1511 720 1560 (Η.),
751 1510 798 1549 de
827 1522 902 1562 quo
932 1510 981 1549 cf.
1003 1509 1087 1550 edd.
1108 1510 1210 1560 Hss„
1231 1523 1268 1563 p.
1289 1510 1339 1560 X,
1359 1511 1456 1560 Pss.,
1476 1523 1514 1563 p.
1532 1510 1599 1560 IX,

126 1572 164 1606 et
192 1566 347 1618 Selling.
380 1566 494 1607 Obss.
517 1568 596 1606 crit.
618 1573 706 1616 etc„
734 1578 772 1618 p.
787 1562 858 1615 32,
886 1566 1119 1616 chartaceus,
1147 1566 1267 1606 forma
1285 1566 1339 1606 IV
1340 1596 1352 1616 ,
1377 1566 1477 1607 foliis
1494 1566 1598 1616 XIV,

124 1634 226 1661 saec.
254 1623 326 1662 XV
353 1624 525 1673 scriptus,
555 1622 790 1672 negligenter
817 1621 973 1661 collatus
1001 1633 1024 1660 a
1058 1621 1283 1672 Longolio
1319 1628 1428 1671 (ις.)
1461 1623 1511 1661 ad
1538 1622 1598 1661 ed.

123 1677 243 1728 Rhag.
281 1682 320 1716 et
346 1676 604 1724 Hummelio
640 1683 745 1726 (Η.),
787 1673 997 1728 diligentius
1021 1676 1170 1729 quidem
1201 1688 1224 1716 a
1254 1676 1489 1729 Sellingio
1523 1683 1600 1723 (S.)

123 1745 211 1773 cum
244 1732 406 1774 editione
442 1732 616 1775 Teuberti
650 1739 776 1782 (Tb-J,
818 1733 918 1786 Lips.
959 1728 1090 1783 1826,
1132 1733 1202 1792 sed
1237 1746 1286 1773 ne
1321 1746 1419 1774 nunc
1452 1734 1601 1786 quidem

123 1791 214 1828 satis
242 1801 436 1828 excussus.

162 1875 164 1877 .
236 1841 287 1893 3)
317 1845 570 1886 tarnenna:
599 1857 630 1884 s.
661 1845 933 1895 leapontanus
957 1843 1064 1894 (N.),
1094 1843 1142 1883 de
1170 1856 1244 1896 quo
1274 1843 1323 1883 cf.
1354 1844 1414 1884 ed.
1433 1844 1534 1896 Lips.
1563 1856 1598 1884 a.

124 1896 237 1940 1574
264 1902 301 1940 in
320 1902 523 1941 monitione
550 1900 598 1940 ad
616 1900 810 1949 lectorem,
839 1899 1031 1940 Eckstein.
1060 1911 1121 1951 ap.
1139 1899 1364 1949 Walth..IV,
1392 1911 1430 1951 p.
1451 1899 1599 1950 vll-x,

124 1954 224 1995 Gerl.
252 1968 290 2008 p.
320 1956 394 2005 XI,
430 1955 582 1996 Massm.
619 1958 656 1996 in
690 1956 987 2005 commentariis,
1024 1956 1088 2007 qui
1122 1954 1386 1998 inscribuntur:
1431 1954 1602 1995 Berliner

121 2010 249 2051 Jahrb.
281 2011 306 2050 f.
337 2013 441 2051 wiss.
462 2011 593 2061 Kritik‚
622 2023 657 2051 a.
680 2007 805 2061 1841,
835 2023 883 2051 m.
915 2009 1072 2061 Novbr.,
1101 2023 1138 2051 n.
1156 2006 1214 2052 87
1243 2016 1332 2060 etc„
1358 2010 1598 2051 membrana-

122 2078 227 2116 ceus,
256 2066 362 2116 folio,
393 2079 495 2107 saec.
525 2067 597 2109 XV
624 2067 841 2107 nitidissime
872 2067 1045 2119 scriptus,
1076 2078 1160 2119 cum
1186 2066 1312 2107 titulo:
1345 2063 1392 2105 C.
1424 2063 1601 2106 Cornelia·

126 2121 255 2171 Taciti
281 2122 334 2161 de
351 2123 506 2175 oriqine
533 2127 573 2162 et
588 2123 670 2172 situ·
688 2121 973 2162 Germanorum
1001 2130 1051 2167 (s.
1072 2128 1187 2161 Gerl.:
1220 2120 1474 2167 Germaniae)
1501 2120 1601 2162 liber

121 2177 295 2230 incipit,
339 2178 436 2218 Ann.
471 2178 561 2219 libb.
597 2178 804 2228 XI-XVI,
833 2178 924 2218 Hist-
962 2178 1078 2228 1-v‚
1116 2178 1234 2227 nial„
1274 2177 1398 2218 Germ.
1427 2184 1467 2218 et
1494 2178 1597 2218 Suet,

122 2233 169 2272 de
197 2235 264 2274 vir.
294 2233 345 2273 ill.
376 2236 583 2274 continens.
644 2233 807 2275 Contulit
836 2246 920 2273 eum
933 2236 1023 2284 *jam
1064 2234 1272 2286 Lipsius,
1320 2233 1391 2274 sed
1418 2233 1600 2274 undecies

121 2288 240 2338 (falso
268 2289 399 2329 saties
425 2301 485 2343 ap.
515 2290 643 2339 Pass.)
672 2295 810 2330 tannim
839 2291 920 2340 ejus
950 2291 1174 2330 mentionem
1194 2289 1303 2338 secit3
1333 2288 1448 2331 multo
1476 2301 1599 2330 accu-

121 2346 234 2384 ratius
261 2357 380 2397 nuper
405 2358 428 2386 a
459 2346 644 2386 Massm.
683 2346 807 2385 codex
841 2345 998 2385 collatus
1027 2351 1085 2384 est
1112 2345 1356 2397 deiectusque
1382 2347 1600 2386 variantium

122 2400 204 2449 ejus
229 2399 431 2441 lectionum
460 2402 497 2441 in
525 2400 648 2442 Gerl.
680 2400 739 2441 ed.
771 2406 902 2441 exstat.

215 2552 271 2596 ²²)
295 2558 362 2590 Ubi
385 2559 555 2593 asservati
578 2560 649 2599 sint
673 2560 813 2603 singuli*
826 2559 913 2599 libri,
937 2560 1001 2592 hae
1025 2560 1060 2592 in
1077 2557 1308 2601 descriptione
1331 2559 1454 2593 afferre
1477 2569 1601 2602 auper-

121 2604 239 2645 sedeo,
264 2611 366 2641 quum
380 2603 549 2644 ejusmodi
573 2607 701 2639 notitiis
726 2607 770 2638 de
795 2606 947 2637 codicum
972 2610 1007 2638 et
1030 2606 1205 2638 eudtvett.
1227 2606 1344 2638 indole
1366 2604 1508 2638 omnino
1532 2615 1600 2637 non

122 2648 284 2681 certiores
305 2647 440 2691 lamus,
472 2650 632 2683 facillimo
657 2655 771 2684 autem
783 2652 873 2685 ,illae
895 2659 939 2683 ex
962 2648 1113 2693 aflorum,
1136 2659 1223 2690 quos
1248 2651 1290 2684 ad
1313 2651 1473 2695 singulos
1495 2652 1599 2684 libros

122 2694 272 2735 laud-vi,
296 2693 582 2735 descriptionibus
607 2697 741 2731 desumi
766 2697 909 2738 possint.
